1672 2594
172 134 224 172 54
606 127 746 164 LIVY.
808 128 963 164 BOOK
994 126 1136 164 XXI'J
1361 138 1497 167 cuAP.
1516 141 1566 179 43

137 250 154 276 2
173 239 320 285 conari,
346 252 554 289 regressus
582 241 623 278 in
649 243 790 288 castra,
818 244 862 280 ut
885 241 1030 279 consili
1059 242 1120 279 sui
1144 243 1358 290 rationem,
1385 243 1491 292 quod
1518 243 1568 281 ab

173 304 273 342 urbe
296 305 559 354 potissimum
589 307 864 356 oppugnanda
893 307 1050 345 bellum
1077 321 1194 346 orsus
1217 309 1332 355 esset.
1363 307 1570 347 militibus

173 370 407 408 ostenderet
437 373 477 408 et
506 385 622 420 spem
652 372 875 421 potiundae
903 372 1155 411 cohortando
1186 374 1347 421 faceret,
1378 374 1569 412 contione

138 436 371 474 3aduooata
404 436 462 474 ita
495 437 714 476 disseruit:
753 438 822 475 ‘ad
855 437 998 475 urbem
1029 452 1154 476 unam
1182 439 1500 489 oppugnandam
1535 439 1569 477 si

174 501 267 551 quis
294 515 368 540 uos
387 502 584 541 adductos
614 503 751 543 credit.
776 503 812 541 is
841 504 972 553 magis
993 504 1126 553 operis
1156 505 1283 542 uestri
1314 518 1437 554 quam
1467 518 1571 543 emo·

174 567 349 605 lumenti
365 568 565 606 rationem
582 570 779 616 exactam,
796 569 959 615 milites,
979 568 1111 607 habet.
1153 570 1444 620 oppugnabitis
1457 570 1570 609 enim

175 647 270 672 uere
291 634 454 672 moenia
470 634 595 672 unius
612 635 734 682 urbis,
754 634 824 672 sed
847 634 888 671 in
908 647 990 672 una
1006 635 1106 672 urbe
1127 635 1366 673 uniuersam
1385 636 1572 686 ceperitis

139 699 436 749 4Hispaniam.
508 700 573 737 hic
613 702 712 738 sunt
751 700 913 737 obsides
953 699 1142 737 omnium
1182 700 1387 738 nobilium
1425 714 1572 751 regum

175 765 503 814 populorumque
522 780 529 811 ς
559 765 627 814 qui
645 765 771 803 simul
788 765 830 802 in
852 767 1052 813 potestate
1069 767 1204 803 uestra
1219 768 1350 813 erunt,
1367 767 1573 816 extemplo

177 831 326 877 omnia,
349 844 452 880 quae
479 844 588 868 nune
616 831 691 869 sub
718 830 1134 879 Carthaginiensibus
1161 833 1270 869 sunt.
1295 832 1337 868 in
1367 832 1572 870 dicionem

141 896 364 943 5tradent;
403 896 470 934 hi(-
510 897 681 945 pecunia
711 896 847 934 omnis
881 896 1078 943 hostium,
1112 896 1200 934 sine
1232 910 1312 946 qua
1346 910 1478 947 neque
1511 897 1573 935 illi

177 975 314 1011 gerere
344 962 501 999 bellum
533 964 718 1011 possunt.
749 962 899 1012 quippe
934 962 1003 1011 qui
1038 963 1344 1001 mercennarios
1372 963 1575 1001 exercitus

176 1028 295 1074 alant,
331 1030 371 1065 et
402 1041 503 1077 quae
534 1029 653 1066 nobis
684 1028 866 1066 maximo
896 1028 988 1066 usui
1019 1028 1067 1066 ad
1101 1028 1379 1067 conciliandos
1413 1029 1575 1067 animos

143 1102 160 1129 13
176 1092 444 1131 barbarorum
465 1093 541 1132 erit
560 1111 566 1133 :
598 1093 663 1131 hit-
686 1095 901 1140 tormenta,
925 1107 1049 1140 arma,
1077 1094 1211 1131 omnis
1232 1096 1453 1143 apparatus
1474 1094 1573 1132 belli

143 1171 159 1198 τ
179 1160 250 1206 est,
282 1159 349 1208 qui
376 1160 503 1197 simul
531 1162 569 1197 et
597 1173 669 1197 uos
697 1160 872 1197 instruet
898 1161 937 1197 et-
965 1159 1095 1197 hostis
1123 1159 1307 1199 nudabit.
1369 1160 1576 1209 potiemur

180 1227 386 1274 praeterea
408 1239 502 1263 cum
530 1225 808 1274 pulcherrima
833 1224 1226 1274 opulentissimaque
1255 1225 1366 1273 urbe.
1393 1227 1482 1264 tum
1511 1240 1576 1276 op-

179 1291 476 1340 portunissima
506 1294 626 1340 portu
650 1291 824 1340 egregio,
850 1291 959 1328 unde
990 1292 1097 1328 terra
1128 1291 1323 1341 marique,
1347 1305 1450 1341 quae
1479 1291 1577 1330 belli

182 1370 280 1395 usus
309 1359 494 1406 poscunt,
527 1357 852 1407 suppeditentur.
913 1370 1013 1406 quae
1046 1370 1138 1394 cum
1170 1370 1321 1406 magna
1350 1357 1429 1406 ipsi
1459 1357 1578 1396 habe-

147 1434 163 1461 s
182 1422 331 1470 bimus,
349 1425 438 1461 tum
460 1423 760 1472 dempserimus
782 1422 971 1461 hostibus
991 1423 1313 1461 multo'maiora.
1374 1423 1471 1462 haec
1494 1423 1579 1462 illis

181 1502 263 1535 arx,
297 1489 372 1527 hoc
402 1489 607 1527 horreum.
640 1489 854 1535 aerarium,
887 1488 1262 1536 armamentarium,
1290 1488 1365 1526 hoc
1390 1489 1577 1527 omnium

183 1567 320 1592 rerum
350 1555 652 1603 receptaculum
682 1555 767 1592 est:
798 1553 877 1591 huc
910 1556 1045 1591 rectus
1074 1567 1123 1591 ex
1147 1554 1290 1592 Africa
1319 1568 1461 1592 cursus
1490 1556 1579 1601 est;

182 1621 281 1658 haee
309 1634 390 1658 una
416 1621 523 1658 inter
544 1621 801 1669 Pyrenaeum
829 1622 869 1657 et
890 1620 1015 1657 Gadis
1041 1620 1192 1658 statio:
1222 1620 1319 1657 hinc
1348 1620 1460 1658 omni
1483 1620 1579 1658 His-

183 1686 326 1735 paniae
347 1686 538 1723 imminet
560 1686 730 1724 Africa.’
764 1699 780 1719 >:<
801 1697 819 1717 >1<
836 1699 853 1719 >-·<

150 1763 163 1790 1
240 1751 393 1790 XLIV.
418 1766 435 1785 ει
458 1753 700 1789 armauerat.
758 1764 851 1788 cum
873 1754 980 1790 terra
1000 1752 1185 1801 marique
1206 1751 1358 1789 instrui
1378 1764 1581 1801 oppugna·

184 1818 341 1855 tionem
377 1817 545 1865 uideret,
580 1819 618 1855 et
654 1817 741 1866 ipse
775 1817 909 1867 cupias
943 1818 1000 1855 ita
1035 1817 1240 1866 disponit:
1281 1817 1581 1866 oppidanorum

150 1894 167 1923 2
186 1883 267 1921 duo
294 1883 410 1921 milia
436 1883 485 1921 ab
517 1896 561 1921 ea
596 1885 721 1932 parte.
755 1897 832 1933 qua
860 1886 989 1922 eastra
1022 1884 1208 1921 Romana
1238 1885 1365 1931 erant,
1399 1883 1579 1932 opponit.

187 1949 424 1998 quingentis
446 1949 650 1986 militibus
671 1962 803 1987 arcem
832 1949 989 1996 insidit,
1012 1950 1259 1998 quingentos
1284 1948 1447 1987 tumulo
1467 1948 1583 1986 urbis

188 2015 230 2052 in
251 2015 453 2053 orientem
474 2028 594 2052 uerso
613 2015 776 2064 inponit
794 2031 801 2062 ;
832 2015 1145 2071 multitudinem
1165 2015 1298 2062 aliam,
1318 2028 1399 2064 quo
1416 2014 1580 2061 clamor,

189 2095 268 2130 quo
290 2080 427 2118 subita
448 2082 630 2118 uocasset
657 2094 730 2128 res,
761 2080 966 2118 intentam
992 2081 1040 2118 ad
1070 2080 1207 2118 omnia
1228 2094 1436 2118 oceui·i·ere
1456 2080 1580 2118 iubet.

155 2146 390 2196 3patefaeta
430 2146 576 2184 deinde
608 2147 725 2195 porta
758 2159 835 2184 eos.
868 2159 969 2195 quos
1005 2146 1046 2183 in
1083 2146 1149 2184 uia
1181 2146 1338 2184 ferente
1371 2146 1419 2184 ad
1455 2147 1583 2183 castra

189 2212 374 2250 hostium
394 2212 655 2259 instruxerat,
674 2211 840 2249 emittit.
892 2211 1064 2249 Romani
1087 2212 1186 2249 duce
1202 2212 1291 2260 ipso
1312 2212 1585 2261 praecipiente

190 2290 411 2328 parumper
436 2290 602 2324 cessere,
634 2280 679 2315 ut
708 2278 918 2327 propiores
945 2277 1141 2315 subsidiis
1171 2278 1213 2314 in
1243 2277 1466 2315 certamine
1494 2277 1584 2326 ipso

158 2352 172 2380 4
192 2344 504 2382 summittendis
524 2345 672 2382 essent.
732 2345 771 2381 et
796 2343 929 2393 primo
954 2343 1061 2382 haud
1089 2343 1266 2393 impares
1287 2345 1435 2381 stetere
1454 2343 1559 2382 acies
1577 2357 1584 2389 ;

193 2409 374 2448 subsidia
395 2409 542 2448 deinde
562 2409 787 2448 identidem
807 2409 1027 2447 summissa
1049 2423 1069 2446 e
1091 2409 1232 2447 castris
1251 2423 1331 2448 non
1350 2410 1582 2447 auerterunt
