1672 2594
162 118 213 156 52
597 107 738 144 lJl'Y.
798 107 952 143 BOOK
985 107 1127 143 XXV]
1354 114 1490 143 CHAP.
1509 117 1554 155 41

168 220 377 258 fortunam
410 221 550 269 populi
583 220 772 260 Romani.
806 233 914 257 nunc
955 220 1128 267 eosdem,
1172 232 1262 257 eum
1301 219 1382 256 illie
1422 220 1561 258 omnia

113 296 146 322 1,-
165 285 343 323 seeunda
368 285 553 334 laetaque
581 288 688 333 sunt,
714 286 864 324 animis
885 285 1088 323 deficere?
1137 298 1265 334 nuper
1284 298 1442 335 quoque
1469 298 1564 333 quae

165 351 413 398 aeciderunt,
437 351 596 389 utinam
613 354 694 389 tam
713 351 800 389 ¹sine
822 364 912 389 meo
929 351 1040 389 luc-tu
1060 364 1181 401 quam
1203 347 1224 401 <
1233 350 1322 388 sine
1343 349 1564 388 insanabili

167 416 225 454 rei
248 416 436 467 publicae
460 417 708 455 detrimento
738 416 1021 465 accidissent.)
1082 430 1191 453 nunc
1221 416 1279 454 dii
1307 417 1566 454 immortales

168 481 315 531 imperi
348 482 527 520 Romani
559 482 773 531 praesides,
808 483 878 531 qui
913 481 1108 520 centuriis
1140 481 1344 529 omnibus,
1377 482 1425 519 ut
1457 481 1565 519 1111111

168 548 387 596 imperium
409 547 598 585 iuberent
619 547 716 595 dari,
735 547 848 585 fuere
870 549 1066 594 auctores,
1086 547 1211 585 iidem
1234 546 1417 597 auguriis
1437 546 1567 596 auspi-

168 614 320 662 ciisque
339 614 379 650 et
401 626 473 661 per
494 614 718 651 nocturnos
739 613 861 650 etiam
883 613 999 650 uisus
1019 613 1160 650 onmia
1185 612 1291 650 laeta
1311 626 1355 650 ae
1376 624 1567 661 prospera

116 688 151 716 19
168 678 431 728 portendunt.
493 678 659 715 animus
688 691 850 727 quoque
881 690 1010 725 1119113,
1037 678 1245 715 maximus
1274 677 1380 715 mihi
1409 678 1458 715 ad
1489 677 1567 714 hoc

169 747 332 793 tempus
377 744 506 791 uates,
548 743 752 791 praesagit
797 744 982 780 nostram
1022 742 1268 791 Hispaniam
1312 756 1410 788 esse,
1453 741 1570 780 breui

170 812 330 848 extorre
359 809 456 846 hinc
487 821 610 846 omne
640 808 847 846 Punicum
878 821 1031 845 nomen
1062 808 1190 846 maria
1215 810 1425 857 terrasque
1453 807 1571 845 foeda

116 881 153 910 20
171 876 267 925 fuga
287 874 571 923 impleturum.
624 874 731 922 quod
754 886 872 911 mens
888 886 962 911 sua
982 875 1128 923 sponte
1149 873 1324 921 diuinat.
1349 873 1459 911 idem
1480 872 1571 911 sub·

173 941 242 978 icit
264 940 366 978 ratio
387 940 496 978 haud
518 939 652 978 fallax.
712 939 851 977 uexati
876 939 927 977 ab
948 939 997 977 iis
1018 940 1119 977 socii
1145 940 1329 977 nostram
1355 938 1477 977 fidem
1500 951 1573 988 per

173 1008 329 1055 legatos
346 1004 580 1054 implorant,
597 1006 678 1042 tres
694 1005 816 1042 duces
833 1004 1123 1052 discordantes,
1143 1017 1269 1053 prope
1284 1006 1332 1042 ut
1352 1004 1572 1042 defecerint

173 1072 244 1110 alii
273 1071 324 1109 ab
354 1070 458 1116 aliis,
482 1070 685 1109 trifariam
715 1071 942 1108 exercitum
973 1070 1017 1108 in
1054 1070 1356 1108 diuersissimas
1390 1068 1574 1119 regiones

121 1145 153 1174 21
175 1138 418 1175 distraxere:
454 1136 595 1173 eadem
627 1136 669 1173 in
706 1135 798 1173 illos
827 1135 981 1184 ingruit
1010 1135 1186 1175 fortuna.
1211 1148 1313 1184 quae
1342 1148 1472 1184 nuper
1501 1147 1575 1172 nos

174 1203 331 1241 adflixit
353 1217 360 1240 :
390 1215 486 1240 nam
514 1204 552 1239 et
582 1202 830 1239 deseruntur
855 1200 905 1238 ab
933 1201 1064 1248 sociis,
1090 1203 1133 1239 ut
1155 1201 1269 1250 prius
1289 1200 1340 1238 ab
1361 1200 1576 1238 CeltiLeris

176 1282 261 1315 nos,
287 1271 323 1305 et
357 1267 551 1305 diduxere
579 1267 791 1313 exerc-itus,
816 1278 918 1315 quae
945 1267 1051 1315 patri
1080 1269 1306 1316 patruoque
1337 1279 1428 1303 meo
1459 1278 1576 1303 causa

123 1342 158 1371 22
177 1334 291 1371 exitii
314 1333 402 1370 fuit.
464 1346 536 1370 nes·
566 1332 765 1370 discordia
791 1332 985 1369 intestina
1006 1332 1110 1369 coire
1136 1345 1204 1370 eos
1228 1332 1269 1369 in
1296 1345 1426 1368 unum
1458 1331 1574 1369 sinet.

179 1412 309 1449 neque
338 1398 492 1447 singuli
523 1398 640 1435 nobis
670 1397 858 1435 resistere
890 1400 1093 1445 poterunt.
1156 1410 1229 1434 uos
1251 1396 1382 1443 mon
1406 1396 1574 1435 milites.

181 1466 315 1503 fauete
352 1463 512 1500 nomini
550 1463 802 1512 Scipionum.
841 1463 975 1501 suboli
1012 1463 1306 1511 imperatorum
1347 1463 1577 1499 uestrorum

125 1535 160 1565 23
182 1530 295 1568 uelut
331 1529 471 1567 aec-isis
508 1529 748 1566 recrescenti
785 1528 994 1577 stirpibus.
1054 1529 1174 1576 agite,
1211 1529 1372 1565 ueteres
1410 1527 1576 1573 milites,

185 1608 338 1634 nouum
377 1594 601 1631 exercitum
650 1607 890 1643 nouumque
929 1594 1075 1631 ducem
1118 1593 1320 1631 traduc-ite
1359 1591 1576 1639 Hiberum,

184 1660 385 1698 traducite
408 1659 448 1696 in
478 1662 606 1697 terras
631 1672 723 1696 eum
754 1659 899 1697 multis
926 1658 1104 1695 fortibus
1130 1658 1250 1695 factis
1277 1670 1393 1706 saepe
1420 1671 1441 1695 a
1463 1656 1582 1694 uobis

128 1731 164 1760 2⁴
184 1727 428 1776 peragratas.
490 1725 606 1762 breui
634 1724 792 1771 faciam,
818 1726 874 1770 ut,
899 1737 1020 1773 quem
1047 1723 1097 1761 ad
1126 1723 1297 1761 modum
1322 1735 1431 1760 nune
1455 1722 1584 1760 nosci-

184 1791 281 1830 tatis
301 1791 345 1828 in
367 1803 434 1827 me
454 1789 583 1838 patris
603 1789 818 1839 patruique
843 1789 1166 1827 similitudinem
1189 1788 1270 1826 oris
1297 1788 1523 1836 uultusque
1542 1789 1583 1826 et

130 1861 167 1891 25
186 1857 436 1895 lineamenta
471 1854 663 1904 corporis,
702 1855 758 1892 ita
792 1854 943 1904 ingeni,
987 1854 1082 1892 fidei
1122 1853 1370 1902 uirtutisque
1408 1852 1581 1902 effigiem

189 1920 306 1958 uobis
336 1920 516 1967 reddam,
551 1922 596 1957 ut
627 1919 825 1957 reuixisse
856 1921 927 1958 aut
962 1921 1151 1957 renatum
1183 1919 1261 1956 sibi
1297 1918 1470 1967 quisque
1505 1918 1585 1955 Sei-

188 1986 352 2035 pionem
376 1986 665 2034 imperatorem
689 1985 824 2023 dicat.’

153 2060 166 2086 1
242 2051 379 2089 XLII.
407 2051 496 2088 Hac
527 2050 710 2088 oratione
739 2050 920 2087 accensis
949 2049 1133 2087 militum
1163 2049 1325 2097 animis,
1364 2048 1505 2086 relicto
1535 2048 1585 2086 ad

190 2115 443 2166 praesidium
483 2115 662 2164 regionis
701 2115 790 2152 eius
829 2115 883 2153 M.
923 2114 1066 2153 Silano
1106 2127 1198 2152 cum
1238 2113 1372 2151 tribus
1416 2113 1587 2152 milibus

191 2181 378 2230 peditum
405 2182 445 2218 et
472 2180 667 2218 trecentis
694 2179 912 2228 equitibus,
936 2180 1090 2217 ceteras
1117 2191 1259 2216 omnes
1278 2179 1588 2228 copias-erant

191 2249 330 2285 autem
361 2245 514 2295 uiginti
544 2245 726 2294 quinque
754 2245 870 2282 milia
899 2244 1095 2293 peditum,
1119 2245 1198 2281 duo
1228 2244 1341 2282 inilia
1370 2243 1589 2292 quingenti

152 2318 169 2346 2
193 2312 350 2362 equites
409 2310 616 2349 Hiberum
637 2310 810 2347 traiecit.
872 2309 926 2347 ibi
956 2309 1201 2358 quibusdam
1224 2309 1504 2355 suadentibus,
1528 2311 1585 2355 ut,

191 2377 388 2427 quoniam
422 2377 464 2414 in
490 2376 566 2413 tris
593 2378 677 2413 tam
709 2375 890 2412 diuersas
919 2374 1105 2423 regiones
1135 2374 1416 2427 discessissent
1441 2372 1589 2411 Punici
