1672 2594
104 81 240 111 CHAP.
258 84 310 122 34
535 74 677 110 ΜῙΎ.
739 74 894 110 BOOK
927 74 1067 110 XXV]
1446 88 1490 124 41

101 187 284 226 Vestiam
306 187 480 236 Oppiam
501 186 739 225 Atellanam
760 186 921 235 Capuae
950 186 1209 224 habitantem
1239 190 1277 224 et
1300 187 1495 226 Paculam

101 251 302 300 Cluuiam,
346 266 448 302 quae
487 252 695 302 quondam
729 254 947 301 quaestum
981 265 1148 301 corpore
1177 252 1350 300 fecisset,
1381 254 1497 291 illam

100 317 250 356 cotidie
288 318 535 356 sacrificasse
574 331 648 368 pro
686 317 819 355 salute
851 319 890 355 et
929 317 1102 355 uictoria
1132 317 1274 367 populi
1306 319 1494 366 Romani,

100 382 205 420 hanc
225 383 400 433 captiuis
419 383 636 433 egentibus
659 382 859 421 alimenta
879 382 983 421 clam
1013 384 1321 433 suppeditasse;
1352 387 1497 423 cetero-
1515 394 1532 421 9

100 461 191 486 rum
212 449 402 487 omnium
423 449 727 499 Campanorum
748 448 926 486 eundem
950 462 1044 499 erga
1064 462 1138 487 nos
1164 449 1352 487 animum
1374 464 1498 499 quem

98 513 507 564 Carthaginiensium
541 514 677 561 fuisse,
712 514 924 563 securique
958 526 1173 563 percussos
1206 528 1228 552 a
1264 515 1308 563 Q.
1347 515 1497 554 Fuluio

96 592 183 617 esse
203 580 335 629 magis
356 593 530 629 quorum
553 580 733 629 dignitas
764 580 874 618 inter
893 579 995 617 alios
1024 593 1148 628 quam
1174 594 1347 629 quorum
1376 581 1496 631 culpa

97 645 318 684 eminebat.
379 658 452 694 per
471 648 662 684 senatum
683 646 749 696 agi
769 646 818 683 de
838 646 1070 695 Campanis,
1093 646 1162 695 qui
1184 647 1296 684 ciues
1317 647 1495 686 Romani
1515 658 1549 686 lo

97 713 204 758 sunt,
232 711 390 749 iniussu
412 711 552 760 populi
575 725 658 749 non
680 711 799 750 uideo
827 723 952 760 posse,
978 711 1100 760 idque
1123 713 1163 749 et
1193 712 1299 761 apud
1322 713 1496 751 maiores

98 778 260 815 nostros
291 777 334 814 in
366 777 591 815 Satricanis
619 777 774 815 factum
804 789 900 824 esse,
935 790 1028 815 cum
1060 777 1317 825 defecissent,
1360 783 1406 819 ut
1437 780 1490 819 M.

97 842 310 880 Antistius
344 842 539 881 tribunus
570 843 703 892 plebis
741 843 857 893 prius
888 843 1145 892 rogationem
1183 843 1319 891 ferret,
1355 844 1494 882 scisce-

96 909 238 957 retque
264 907 392 957 plebs,
427 908 488 946 uti
518 908 678 947 senatui
708 909 757 947 de
786 909 1010 947 Satricanis
1039 909 1268 947 sententiae
1298 909 1494 948 dicendae

95 972 158 1011 ius
179 976 297 1012 esset.
359 973 497 1023 itaque
517 987 662 1012 censeo
682 987 776 1012 cum
799 974 980 1013 tribunis
1007 973 1140 1023 plebis
1163 975 1368 1025 agendum
1390 989 1489 1025 esse,
1512 989 1540 1017 11

96 1039 140 1075 ut
167 1051 310 1077 eorum
338 1052 445 1078 unus
470 1040 662 1089 pluresue
689 1040 943 1088 rogationem
971 1040 1103 1078 ferant
1128 1041 1177 1079 ad
1209 1041 1382 1090 plebem,
1413 1056 1491 1091 qua

94 1103 213 1142 nobis
231 1105 441 1143 statuendi
462 1105 510 1143 de
540 1106 759 1155 Campanis
788 1105 851 1143 ius
879 1106 978 1144 fiat.’
1034 1105 1078 1145 L.
1111 1106 1269 1144 Atilius
1297 1107 1491 1146 tribunus
1510 1120 1544 1149 12

92 1168 224 1217 plebis
243 1182 292 1207 ex
312 1170 555 1208 auctoritate
574 1172 742 1208 senatus
762 1170 924 1220 plebem
954 1170 997 1208 in
1028 1170 1127 1209 haec
1155 1171 1278 1210 uerba
1300 1173 1461 1219 rogauit
1482 1188 1490 1212 :

95 1236 261 1273 ‘omnes
290 1236 502 1285 Campani,
533 1236 732 1283 Atellani,
765 1236 950 1275 Calatini.
981 1236 1180 1285 Sabatini,
1213 1239 1280 1287 qui
1309 1251 1352 1276 se
1376 1239 1489 1277 dedi-

92 1300 243 1339 derunt
272 1301 315 1339 in
345 1302 562 1340 arbitrium
592 1301 875 1351 dicionemque
903 1302 1041 1351 populi
1069 1303 1247 1341 Romani
1275 1306 1314 1353 Q.
1342 1303 1489 1343 Fuluio

90 1367 336 1416 proconsuli,
361 1381 544 1418 quosque
566 1381 646 1406 una
667 1381 804 1406 secum
822 1367 1022 1415 dedidere,
1047 1382 1231 1418 quaeque
1249 1383 1329 1408 una
1349 1383 1488 1410 secum
1508 1382 1542 1412 12]

91 1431 294 1480 dedidere,
319 1446 463 1483 agrum
484 1433 722 1483 urbemque,
746 1433 887 1472 diuina
916 1433 1189 1483 humanaque,
1215 1436 1489 1486 utensiliaque

90 1498 179 1535 siue
210 1498 307 1547 quid
337 1499 448 1537 aliud
479 1499 740 1546 dediderunt,
773 1500 822 1537 de
852 1499 903 1537 iis
937 1499 1057 1538 rebus
1087 1501 1185 1549 quid
1218 1501 1307 1539 fieri
1337 1502 1486 1551 uelitiS,

91 1576 164 1600 uos
183 1577 290 1614 rogo,
315 1564 521 1612 Quirites*
572 1564 711 1614 plebes
731 1565 788 1603 sic
808 1565 952 1603 iussit:
987 1566 1115 1614 ‘quod
1132 1568 1484 1616 senatusiuratus,
1507 1583 1538 1610 14

89 1629 271 1667 maxima
290 1643 393 1679 pars,
417 1633 588 1678 censeat,
612 1630 682 1680 qui
702 1630 876 1677 adsient,
900 1630 941 1668 id
974 1631 1166 1669 uolumus
1187 1632 1487 1683 iubemusque.’

90 1693 292 1734 XXXIV.
325 1709 375 1733 ex
397 1695 470 1733 hoc
492 1696 626 1745 plebei
651 1697 755 1734 scito
781 1698 949 1734 senatus
979 1697 1191 1736 consultus
1212 1698 1366 1748 Oppiae
1395 1700 1485 1739 Clu·
1506 1715 1518 1743 1

88 1760 258 1809 uia-eque
297 1761 481 1810 primum
510 1762 617 1800 bona
646 1775 691 1800 ac
720 1762 956 1800 libertatem
988 1762 1196 1802 restituit.
1231 1764 1267 1801 si
1297 1778 1377 1814 qua
1406 1766 1487 1804 alia

86 1826 269 1875 praemia
288 1829 426 1876 petere.
446 1828 496 1866 ab
516 1830 662 1866 senatu
684 1827 853 1875 uellent,
878 1828 1021 1866 uenire
1041 1841 1107 1867 eas
1128 1829 1315 1869 Romam.
1366 1832 1483 1871 Cam-
1502 1844 1520 1874 2

86 1891 204 1940 panis
233 1891 277 1929 in
312 1892 491 1931 familias
524 1893 707 1943 singulas
741 1893 901 1932 decreta
931 1893 1049 1941 facta,
1083 1907 1184 1943 quae
1223 1909 1307 1934 non
1341 1911 1485 1947 operae

85 1956 263 2005 pretium
296 1959 357 1996 est
392 1959 530 1996 omnia
559 1972 810 1997 enumerare.
880 1959 1056 1997 aliorum
1086 1960 1192 1998 bona
1222 1962 1481 2012 publicanda,
1502 1977 1520 2005 3

86 2022 196 2071 ipsos
227 2023 458 2073 liberosque
490 2038 630 2062 eorum
662 2027 703 2063 et
732 2025 926 2075 coniuges
955 2025 1192 2064 uendendas
1220 2030 1333 2067 extra
1363 2030 1481 2079 filias,

84 2101 188 2137 quae
216 2090 491 2138 enupsissent,
522 2090 764 2140 priusquam
794 2091 838 2128 in
868 2091 1010 2140 populi
1031 2092 1208 2130 Romani
1236 2096 1483 2143 potestatem

85 2154 299 2202 uenirent3
340 2155 443 2194 alios
473 2156 515 2194 in
546 2156 712 2195 uincula
742 2158 988 2205 condendos,
1029 2170 1074 2195 ac
1112 2158 1161 2196 de
1198 2159 1250 2197 iis
1279 2163 1516 2210 posterius4

83 2219 381 2258 consulendum
399 2235 408 2269 ;
439 2221 617 2260 aliorum
638 2223 943 2272 Campanorum
963 2236 1171 2262 summam
1192 2225 1316 2263 etiam
1337 2240 1483 2266 census

84 2283 372 2334 distinxerunt,
407 2286 655 2336 publicanda
680 2301 807 2326 necne
828 2288 937 2327 bona
955 2294 1103 2330 essent.
1166 2305 1293 2342 pecua
1318 2294 1481 2342 captiua
1499 2306 1516 2336 5

83 2351 243 2398 praeter
274 2364 400 2400 equos
434 2354 473 2390 et
513 2353 718 2403 mancipia
749 2357 909 2403 praeter
938 2355 1111 2404 puberes
1142 2358 1260 2396 uirile
1292 2371 1409 2396 secus
1440 2362 1479 2397 et
