1672 2594
111 78 246 108 CHAP.
265 82 316 120 50
546 72 689 109 LWY.
751 72 904 107 BOOK
937 72 1080 108 XXl'l
1455 74 1501 109 61

111 184 259 222 deinde
291 184 538 233 integritatis
576 185 665 222 uiro
699 184 867 222 tradidit
906 197 984 224 eas.
1027 185 1214 234 tuerique
1254 186 1361 223 haud
1393 199 1509 223 secus

112 251 340 288 uerecunde
369 263 412 288 ac
444 250 626 288 modeste
656 263 778 298 quam
811 250 1022 299 hospstum
1056 250 1249 299 coniuges
1282 263 1326 288 ac
1357 254 1510 288 matres

110 316 242 354 iussit.

167 382 211 419 L.
244 381 417 429 Captiua
446 380 593 418 deinde
622 395 645 418 a
675 380 881 418 militibus
909 380 1129 418 adducitur
1167 381 1215 418 ad
1246 394 1339 418 911111
1370 381 1541 419 adultal

113 447 231 496 uirgo
267 446 368 485 adeo
404 445 556 483 eximia
588 446 730 492 forma,
769 448 826 493 ut,
868 459 1124 495 quacumque
1154 445 1375 493 incedebat,
1417 459 1509 484 con-

112 513 292 550 uerteret
345 511 534 550 omnium
591 511 741 550 oculos.
822 511 969 560 Scipio.
1021 513 1282 560 percontatus
1335 512 1509 560 patriam
1529 518 1545 546 2

114 579 395 627 parentesque,
439 576 548 614 inter
581 577 713 614 cetera
751 576 905 625 accepit
936 576 1181 625 desponsam
1212 590 1303 614 eam
1335 575 1509 625 principi

114 642 441 687 Celtibe1·ornm;
478 641 729 680 adulescenti
761 641 930 680 Allucio
963 655 1116 680 nomen
1148 643 1244 681 erat.
1305 641 1548 690 extemploss

114 707 240 757 igitur
269 706 509 757 parentibus
538 720 770 756 sponsoque
799 707 849 744 ab
888 707 1010 745 domo
1039 707 1190 753 accitis,
1220 720 1314 745 cum
1342 707 1511 745 interim

114 772 273 811 audiret
293 772 474 822 deperire
492 785 587 810 eum
616 785 790 822 sponsae
811 785 960 820 amore,
994 772 1065 810 ubi
1094 773 1277 821 primum
1304 771 1429 819 uenit,
1454 784 1514 809 ac-

117 838 317 876 curatiore
336 850 431 875 911111
449 850 638 875 sermone
659 850 782 887 quam
803 838 984 886 parentis
1004 837 1240 887 adloquitur
1257 852 1266 876 :
1299 838 1307 855 ‘
1327 836 1490 875 iuuenis
1507 836 1514 849 ’
1533 845 1549 872 4

117 902 253 953 inquit
278 903 492 941 ‘iuuenem
514 902 684 952 appello,
711 915 789 951 quo
818 902 955 940 minor
981 903 1036 940 sit
1056 902 1166 941 inter
1190 916 1264 940 nos
1288 903 1414 940 huius
1437 915 1516 940 ser-

119 968 255 1007 monis
284 968 540 1006 uerecundia.
600 980 684 1017 ego,
719 980 812 1005 cum
843 981 993 1016 sponsa
1022 970 1093 1005 tua
1121 970 1237 1017 capta
1263 982 1285 1005 a
1308 967 1516 1006 militibus

119 1034 273 1072 nostris
301 1034 350 1071 ad
381 1046 447 1070 me
473 1033 594 1071 dueta
614 1035 720 1070 esset
739 1033 1006 1082 audiremque
1026 1033 1102 1071 tibi
1124 1046 1212 1071 eam
1236 1034 1346 1071 cordi
1367 1047 1454 1072 esse
1476 1037 1514 1071 et

119 1099 250 1137 forma
279 1100 428 1137 faceret
456 1098 594 1146 fidem,
626 1098 722 1147 quia
753 1099 848 1147 ipse,
882 1098 915 1135 si
948 1098 1030 1136 frui
1061 1099 1199 1137 liceret
1229 1099 1328 1137 ludo
1357 1099 1513 1139 aetatis.
1535 1105 1553 1134 5

120 1164 358 1214 praesertim
392 1164 434 1201 in
467 1165 577 1201 recto
608 1167 647 1201 et
683 1163 870 1212 legitimo
905 1177 1051 1210 amore,
1075 1166 1115 1201 et
1145 1178 1229 1202 11011
1262 1179 1326 1202 res
1355 1165 1516 1214 publica

119 1230 307 1268 animum
341 1232 531 1267 nostrum
572 1232 817 1279 occupasset.
860 1230 1022 1267 ueniam
1065 1229 1165 1267 mihi
1201 1230 1284 1267 dari
1324 1243 1516 1280 sponsam

122 1295 349 1344 impensius
377 1294 532 1333 amanti
563 1294 726 1334 uellem.
754 1297 836 1334 1110,
870 1295 986 1332 cuius
1014 1308 1195 1344 possum,
1228 1296 1355 1333 amori
1388 1296 1514 1334 faueo.

122 1361 197 1398 fuit
240 1373 387 1409 sponsa
427 1364 497 1398 tua
535 1360 640 1409 apud
682 1373 747 1397 me
786 1360 923 1398 eadem
967 1374 1042 1409 qua
1082 1361 1188 1410 apud
1230 1375 1388 1399 sos-eros
1426 1365 1519 1399 tuos
1538 1371 1554 1394 0'·

122 1425 385 1475 parentisque
406 1438 499 1463 suos
527 1426 797 1470 uerecundia;
829 1428 986 1464 seruata
1009 1425 1083 1464 tibi
1106 1429 1177 1474 est,
1204 1429 1247 1464 ut
1270 1426 1518 1465 inuiolatum

123 1494 161 1529 et
184 1491 355 1539 dignum
385 1504 450 1528 me
474 1494 594 1540 teque
620 1491 706 1528 dari
731 1491 805 1529 tibi
837 1491 993 1529 donum
1024 1495 1173 1540 posset.
1235 1492 1339 1530 hanff
1371 1506 1518 1530 merce-
1540 1502 1554 1529 τ

125 1556 218 1594 dem
242 1569 365 1594 unam
390 1570 461 1605 pro
490 1570 535 1594 eo
564 1569 734 1594 munere
754 1556 956 1605 paciscor:
986 1557 1142 1594 amicus
1164 1558 1316 1607 populo
1336 1558 1520 1596 Romano

123 1622 180 1659 sis
209 1624 261 1669 et,
294 1622 325 1659 si
358 1635 423 1659 me
458 1622 595 1659 uirum
630 1621 784 1659 bonum
815 1622 945 1659 credis
976 1635 1072 1670 esse,
1108 1623 1240 1672 qualis
1269 1626 1425 1673 patrem
1456 1637 1521 1672 pa-

125 1689 350 1735 truumque
369 1700 508 1725 meum
537 1687 619 1725 iam
646 1689 741 1725 ante
767 1687 843 1726 liae
871 1690 1015 1737 gentes
1046 1691 1202 1736 norant.
1237 1688 1340 1726 scias
1369 1689 1523 1727 multos

126 1752 258 1790 nostri
279 1752 428 1790 similis
458 1753 499 1790 in
532 1752 696 1791 ciuitate
728 1752 915 1790 Romana
943 1767 1031 1791 esse
1062 1767 1135 1792 nec
1166 1754 1300 1792 ullum
1329 1755 1373 1792 in
1403 1755 1524 1792 terris
1542 1762 1559 1788 δ

126 1817 247 1855 hodie
274 1818 474 1867 populum
497 1818 575 1855 dici
599 1831 727 1867 posse,
752 1831 874 1868 quem
905 1820 1044 1857 minus
1070 1819 1146 1857 tibi
1173 1819 1331 1858 hostem
1360 1820 1525 1869 tuisque

126 1895 214 1920 esse
234 1882 338 1920 uelis
357 1884 430 1920 aut
449 1884 628 1921 amicum
650 1884 796 1921 malis.⁹
853 1897 947 1921 cum
968 1885 1206 1923 adulescens
1226 1886 1353 1923 simul
1372 1886 1525 1935 pudore
1544 1899 1561 1923 υ

128 1951 167 1986 et
196 1948 347 1997 gaudio
376 1949 574 1997 perfusus,
612 1949 797 1986 dextram
831 1949 1035 1998 Scipionis
1067 1952 1223 1998 tenens,
1258 1951 1354 1988 deos
1390 1951 1526 1989 omnis

127 2015 337 2051 inuocaret
372 2014 421 2051 ad
451 2014 627 2062 gratiam
657 2013 720 2052 illi
749 2028 822 2063 pro
851 2028 893 2052 se
923 2015 1188 2063 referendam,
1221 2017 1417 2065 quoniam
1446 2017 1526 2055 sibi

129 2091 386 2128 nequaquam
408 2080 507 2117 satis
532 2079 741 2117 facultatis
770 2093 842 2129 pro
871 2093 945 2118 suo
975 2082 1114 2118 animo
1143 2083 1263 2131 atque
1292 2082 1406 2120 illius
1433 2095 1527 2131 erga

129 2156 171 2181 se
193 2144 339 2182 merito
359 2147 476 2182 esset.
505 2148 693 2194 parentes
719 2146 815 2183 inde
842 2146 1085 2195 cognatique
1107 2146 1280 2195 uirginis
1307 2147 1499 2196 appellati
1520 2161 1527 2189 ;
1548 2159 1581 2185 10

130 2208 211 2257 qui,
254 2209 449 2258 quoniam
483 2210 610 2258 gratis
641 2211 718 2248 sibi
754 2211 990 2248 redderetur
1020 2211 1148 2259 uirgo,
1181 2212 1231 2249 ad
1264 2225 1388 2261 quam
1427 2212 1527 2250 redi-

131 2274 323 2311 mendam
345 2275 443 2312 satis
458 2288 655 2324 magnum
677 2276 917 2314 attulissent
936 2277 1024 2315 auri
1045 2277 1217 2325 pondus,
1241 2290 1355 2315 orare
1377 2277 1527 2326 Scipio·
1548 2290 1579 2317 11

133 2351 237 2378 nem.
262 2341 307 2376 ut
328 2339 367 2377 id
389 2339 440 2376 ab
460 2353 502 2377 se
523 2341 677 2378 donum
699 2342 907 2390 acciperet,
932 2345 1163 2391 coeperunt,
1188 2342 1296 2380 haud
1327 2344 1526 2380 minorem
