1672 2594
109 106 244 135 CHAP.
263 109 313 145 25
539 95 682 131 LJVY.
743 94 897 130 BOOK
930 92 1071 128 XXV]
1448 100 1496 139 31

110 212 224 259 pacta
259 222 351 246 cum
385 207 621 246 Hannibale
658 209 790 255 posset
827 206 1035 255 respicere.
1073 206 1293 252 Corcyram
1339 203 1420 251 ipse
1459 214 1501 239 se

110 274 273 323 recepit.

162 340 296 378 XXV.
339 339 535 388 Philippo
581 337 826 377 Aetolorum
872 336 1044 375 defectio
1083 335 1223 373 Pellae
1262 334 1532 372 hibernantil

107 405 243 444 adlata
261 407 334 444 est.
393 403 542 454 itaque,
567 404 661 454 quia
690 404 824 453 primo
855 416 950 440 uere
979 404 1169 439 moturus
1202 399 1427 438 exercitum
1456 399 1501 436 in

109 470 322 510 Graeciam
352 471 449 516 erat,
473 473 516 507 ut
545 469 716 519 Illyrios
744 468 1040 516 finitumasque
1069 467 1126 504 eis
1158 466 1278 504 urbes
1307 465 1358 502 ab
1387 467 1501 514 tergo
1519 474 1536 503 2

109 538 221 574 metu
252 535 410 585 quietas
440 534 681 572 Macedonia
709 534 889 581 haberet,
913 533 1217 583 expeditionem
1246 530 1427 569 subitam
1457 530 1502 567 in

109 601 372 640 Oricinorum
414 602 536 651 atque
575 600 910 650 Apolloniatium
955 598 1053 636 finis
1097 597 1195 635 fecit
1238 609 1501 646 egressosque

109 666 401 718 Apolloniatas
431 680 524 704 cum
556 679 705 716 magno
734 668 889 703 terrore
915 677 960 702 ac
984 677 1135 714 pauore
1162 661 1363 712 compulit
1390 661 1503 699 intra

111 746 263 772 muros,
324 732 498 771 uastatis
537 731 737 781 proximis
769 731 928 780 Illyrici
968 730 1010 767 in
1050 729 1318 779 Pelagoniam
1359 728 1537 765 eadem-⁰»

111 799 322 837 celeritate
349 798 476 836 uertit
502 797 602 845 ite1·;
633 797 729 835 inde
756 797 1043 834 Dardanorum
1070 795 1217 833 urbem
1244 794 1434 841 Sintiam,
1459 793 1501 831 in

111 864 391 903 Macedoniam
405 863 629 901 transitum
648 862 850 900 Dardanis
870 862 1080 899 facturam.
1098 860 1217 909 cepit.
1270 859 1335 897 his
1350 859 1503 908 raptim
1522 869 1536 896 4

112 930 213 967 actis
241 942 402 967 memor
430 928 607 966 Aetolici
639 927 851 977 iunctique
882 939 975 964 cum
1011 939 1057 964 eo
1090 925 1268 963 Romani
1301 925 1401 962 belli
1433 938 1505 973 per

113 995 377 1044 Pelagoniam
395 996 433 1031 et
452 993 640 1042 Lyncum
657 996 697 1030 et
718 993 947 1031 Bottiaeam
967 992 1008 1029 in
1025 991 1280 1029 Thessaliam
1295 990 1502 1028 descendit

165 1061 213 1098 ad
244 1059 399 1097 bellum
430 1072 566 1096 secum
599 1059 795 1096 aduersus
815 1058 985 1096 Aetolos
1014 1056 1308 1106 capessendum
1342 1056 1535 1094 incitari5

110 1138 227 1175 posse
265 1125 456 1163 homines
495 1124 783 1162 credebat—et
827 1124 967 1162 relicto
1007 1123 1056 1161 ad
1097 1123 1232 1160 fauces
1271 1123 1505 1160 Thessaliae

110 1192 260 1229 Perseo
280 1203 373 1228 cum
395 1191 593 1240 quattuor
613 1190 783 1228 milibus
810 1191 1065 1228 armatorum
1092 1188 1141 1226 ad
1167 1188 1364 1226 arcendos
1390 1188 1502 1226 aditu

116 1256 290 1303 Aetolosy
323 1257 420 1305 ipse,
454 1256 693 1305 priusquam
727 1255 955 1293 maim-ibus
990 1256 1255 1303 occuparetur
1289 1253 1421 1300 rebus,
1461 1254 1501 1291 in
1523 1263 1539 1286 ι’.

113 1322 393 1360 Macedoniam
423 1324 544 1370 atque
575 1321 670 1358 inde
702 1322 743 1358 in
766 1320 983 1358 Thraciam
1014 1320 1241 1357 exercitum
1273 1332 1318 1357 ac
1340 1318 1504 1356 Maedos

111 1388 240 1425 duxit.
298 1388 506 1425 incurrere
535 1400 580 1424 ea
615 1400 714 1435 gens
750 1386 790 1423 in
827 1385 1107 1423 Macedoniam
1147 1384 1267 1422 solita
1299 1386 1398 1431 erat.
1435 1384 1502 1421 uhi
1524 1395 1538 1422 Τ

112 1466 247 1503 regem
264 1455 507 1502 occupatum
524 1455 693 1490 externo
717 1451 824 1489 hello
839 1465 882 1489 ac
899 1451 989 1488 sine
1010 1451 1210 1500 praesidio
1226 1463 1314 1487 esse
1331 1463 1504 1499 regnum

111 1518 321 1556 sensisset.
369 1517 418 1556 ad
440 1518 688 1566 frangendas
708 1518 835 1565 igitur
858 1519 958 1555 uiris
981 1519 1139 1554 uastare
1161 1529 1278 1565 agros
1297 1519 1335 1553 et
1359 1515 1501 1553 urbem
1524 1526 1539 1552 s

115 1584 481 1633 Iamphorynnam,
502 1584 625 1632 caput
639 1596 854 1633 arcemque
871 1583 1090 1629 Maedicae,
1107 1595 1341 1631 oppugnare
1359 1581 1500 1631 coepit.

113 1652 264 1698 Scopas
284 1648 356 1687 ubi
376 1649 606 1698 profectum
633 1649 678 1686 in
700 1649 915 1686 Thraciam
944 1661 1079 1697 regem
1101 1649 1427 1697 occupatumque
1448 1647 1502 1685 ibi
1523 1659 1540 1684 a

113 1714 221 1753 bello
259 1714 432 1762 audiuit,
466 1715 623 1753 armata
663 1715 778 1753 omni
812 1714 1030 1752 iuuentute
1061 1713 1306 1752 Aetolorum
1347 1712 1503 1751 bellum

113 1780 263 1819 inferre
282 1781 539 1818 Acarnaniae
563 1782 689 1829 parat.
749 1781 946 1818 aduersus
970 1793 1070 1828 quos
1096 1781 1363 1817 Acarnanum
1394 1792 1502 1828 gens,
1525 1787 1559 1815 10

113 1848 154 1884 ct
178 1846 334 1884 uiribus
354 1846 489 1894 impar
508 1847 548 1883 et-
569 1846 652 1883 iam
674 1846 877 1885 Oeniadas
898 1845 1137 1894 Nasumque
1163 1845 1315 1883 amissa
1335 1857 1506 1883 cernens

116 1912 378 1961 Romanaque
398 1911 568 1960 insuper
588 1924 703 1949 arma
722 1911 923 1960 ingruere,
948 1910 1008 1948 ira
1029 1911 1160 1959 magis
1189 1911 1359 1949 instruit
1381 1923 1505 1960 quam

114 1976 285 2015 consilio
306 1976 477 2015 bellum.
536 1977 780 2027 coniugibus
805 1977 1026 2026 liberisque
1057 1978 1098 2015 et
1127 1977 1359 2015 senioribus
1386 1990 1508 2026 super
1526 1985 1556 2012 11

114 2042 325 2092 sexaginta
354 2055 485 2080 annos
523 2042 567 2080 in
607 2042 882 2092 propinquam
914 2042 1089 2092 Epirum
1124 2042 1273 2090 missis,
1307 2042 1357 2080 ab
1391 2043 1505 2092 quin-

115 2108 248 2145 decim
279 2108 328 2145 ad
368 2107 583 2156 sexaginta
612 2121 743 2146 annos
776 2108 994 2146 coniurant
1025 2107 1106 2145 nisi
1140 2108 1316 2146 uictores
1349 2121 1391 2146 se
1423 2121 1504 2145 non

115 2173 341 2213 redituros:
382 2174 451 2222 qui
483 2174 618 2212 uictus
646 2173 730 2212 acie
762 2173 1011 2221 excessisset,
1049 2186 1146 2211 eum
1181 2186 1233 2211 ne
1267 2174 1358 2223 quis
1394 2174 1560 2221 urbe,1·2

114 2241 234 2285 tecto,
258 2251 411 2286 mensa,
427 2239 511 2276 lare
531 2240 739 2288 reciperet,
757 2240 889 2277 diram
904 2239 1205 2277 execrationem
1222 2239 1265 2276 in
1281 2239 1503 2289 popularis,

116 2303 435 2342 obtestationem
460 2318 583 2353 quam
612 2305 918 2343 sanctissimam
949 2307 1173 2355 potuerunt
1198 2305 1397 2343 aduersus
1421 2305 1506 2342 hos-

120 2370 224 2419 pites
246 2373 578 2419 composuerunt.
628 2371 863 2420 pres-atique
878 2370 1003 2408 simul
1025 2371 1212 2420 Epirotas
1233 2372 1340 2418 sunt,
1360 2372 1417 2409 ut.
1439 2371 1506 2419 qui
1529 2381 1562 2411 13
