1672 2594
145 113 197 160 46
578 114 720 151 LIVY.
780 115 934 151 BOOK
968 114 1106 150 XXVI
1334 121 1470 152 CHAI’.
1489 113 1541 162 38

142 227 278 266 atille.
304 241 397 265 cum
425 228 473 265 ab
496 242 535 265 re
566 241 746 266 auersus.
772 230 861 265 tum
882 226 1044 265 aemulo
1066 229 1304 276 potentatus
1331 226 1536 273 inimicus,

107 302 125 329 ὅ
142 304 227 330 rem
254 293 481 331 Hannibali
502 293 643 343 aperit.
703 293 896 331 arcessito
918 295 1092 342 utroque
1114 293 1327 331 Hannibal
1349 306 1442 331 cum
1463 306 1536 342 pro

142 357 341 396 tribunali
358 359 555 409 quaedam
578 361 713 409 ageret
734 372 825 396 mox
848 359 896 396 de
919 359 1074 396 Blattio
1095 359 1345 408 cogniturus,
1363 360 1537 396 starent-

141 436 217 472 que
236 427 444 462 summoto
461 425 610 474 populo
630 427 838 463 accusat-or
852 426 891 462 et
914 438 1018 466 reus,
1035 424 1216 462 Blattius
1235 424 1283 462 de
1305 424 1538 474 proditione

105 499 122 523 t·
142 488 313 527 Dasium
334 490 576 539 appellabat.
637 490 848 528 enimuero
871 490 938 528 ille
960 491 1073 528 uelut
1096 490 1139 527 111
1170 490 1389 528 manifesta
1410 503 1451 528 re
1471 503 1537 527 ex-

139 554 286 593 clamat
300 555 376 593 sub
393 555 521 593 oculis
542 555 794 593 Hannibalis
813 569 951 593 secum
973 556 1021 593 de
1041 555 1275 604 proditione
1297 555 1372 605 agi.
1426 556 1537 593 Han-

139 619 267 657 nibali
297 623 420 670 atque
450 620 512 659 iis.
543 621 612 669 qui
639 621 819 665 aderant,
850 634 930 670 quo
958 620 1147 659 audacior
1178 634 1240 658 res
1269 622 1364 667 erat,
1396 620 1536 658 minus

89 694 119 721 lo
136 685 287 723 similis
302 687 386 724 ueri
408 687 494 724 uisa
508 689 587 725 est:
615 686 933 724 aemulationem
950 688 1130 735 profecto
1144 688 1267 735 atque
1279 686 1418 724 odium
1435 699 1532 725 esse,

136 753 176 789 et
196 751 236 788 id
259 751 415 790 crimen
437 752 599 790 adferri.
622 752 743 802 quod,
767 751 862 801 quia
884 754 1029 790 testem
1052 751 1198 789 habere
1219 764 1303 789 non
1326 752 1465 801 possit,
1491 752 1535 789 li-

84 827 114 854 11
137 817 273 854 berius
289 818 463 867 fingenti
484 817 550 856 sit.
603 818 661 855 ita
682 818 778 855 inde
795 817 957 855 dimissi
979 820 1088 855 sunt.
1150 831 1221 855 nec
1236 817 1418 855 Blattius
1439 819 1535 856 ante

133 882 297 921 abstitit·
318 885 401 921 tam
423 883 565 921 audaci
587 883 758 932 incepto,
782 898 903 933 quani
926 883 1033 922 idem
1055 883 1319 921 obtundendo
1340 883 1534 922 docendo-

136 961 224 996 que,
247 961 370 998 <plani
390 962 435 986 ea
456 963 518 987 res
538 949 638 999 ipsis
659 950 894 999 patriaeque
916 949 1109 988 salutaris
1138 951 1254 996 esset,
1278 949 1462 998 peruicit,
1486 952 1533 988 ut

134 1013 385 1061 praesidium
424 1015 887 1064 Punicum—qninyenti
928 1018 1069 1053 autem
1118 1015 1322 1053 Numidae
1360 1017 1531 1054 e1·ant---

135 1079 380 1129 Salapiaque
401 1081 631 1119 traderetur
650 1081 853 1119 Marcello.
914 1094 987 1119 nec
1008 1081 1097 1118 sine
1118 1081 1236 1118 caede
1264 1080 1399 1119 multa
1426 1081 1531 1119 tradi

85 1152 116 1180 12
134 1144 277 1191 potuit.
341 1145 458 1195 longe
480 1147 697 1184 fortissimi
718 1147 905 1197 equitum
926 1148 1012 1184 toto
1030 1146 1188 1184 Punico
1205 1146 1383 1184 exercitu
1400 1149 1528 1185 erant.

133 1208 270 1259 itaque
294 1225 544 1261 quamquam
570 1212 779 1262 inprouisa
810 1225 873 1250 res
901 1212 991 1259 fuit,
1027 1225 1099 1249 nec
1129 1225 1227 1249 usus
1257 1225 1457 1261 equorum
1486 1212 1528 1250 in

134 1275 232 1312 urbe
262 1279 358 1324 erat,
394 1279 532 1316 tamen
563 1279 691 1316 armis
721 1278 828 1316 inter
857 1277 1088 1315 tumultum
1118 1277 1247 1326 captis
1277 1280 1317 1315 et
1350 1278 1529 1327 eruptio-

82 1351 114 1379 1:⁷3
132 1353 227 1379 nem
269 1344 581 1392 temptauerunt
615 1346 664 1388 et,
704 1358 798 1381 cum
832 1343 1001 1381 euadere
1034 1343 1262 1393 nequirent,
1299 1346 1530 1393 pugnantes

129 1407 180 1444 ad
214 1407 423 1446 ultumum
452 1410 742 1457 occubuerunt,
775 1423 848 1448 nec
874 1409 968 1459 plus
995 1409 1292 1459 quinquaginta
1326 1422 1374 1446 ex
1401 1408 1451 1447 iis
1486 1409 1527 1447 in

80 1481 112 1510 14
130 1474 373 1521 pot-estatem
395 1475 578 1513 hostium
601 1475 687 1513 uiui
702 1478 916 1513 uenerunt.
975 1475 1146 1524 plusque
1162 1474 1372 1524 aliquanto
1388 1475 1528 1513 damni

130 1538 227 1577 haec
248 1540 311 1578 ala
332 1540 520 1590 equitum
544 1541 694 1579 amissa
721 1540 949 1579 Hannibali
976 1554 1096 1589 quam
1127 1540 1286 1589 Salapia
1315 1540 1422 1587 fuit;
1454 1554 1527 1578 nec

130 1604 277 1643 deinde
317 1619 513 1656 umquam
562 1607 738 1647 Poenus.
780 1620 859 1655 quo
899 1605 1019 1654 longe
1060 1605 1290 1655 plurimum
1328 1605 1523 1645 ualuerat.

128 1671 312 1720 equitatu
335 1672 518 1721 superior
538 1672 629 1710 fuit.

96 1745 107 1771 1
184 1736 387 1775 XXXIX.
422 1738 501 1776 Pei·
530 1737 641 1776 idem
680 1739 843 1787 tempus
873 1751 967 1775 cum
998 1737 1041 1775 in
1084 1750 1172 1775 arce
1201 1736 1425 1775 Tarentina
1457 1736 1525 1774 uix

128 1800 266 1850 inopia
295 1802 522 1840 tolerabilis
550 1805 664 1851 esset,
699 1817 813 1852 spem
844 1816 1010 1841 omnem
1036 1801 1298 1851 praesidium,
1327 1802 1435 1852 quod
1465 1801 1523 1840 ibi

127 1869 228 1914 erat,
244 1868 476 1906 Romanum
500 1870 811 1919 praefectusque
830 1868 1023 1918 praesidii
1043 1870 1164 1917 atque
1184 1868 1289 1906 arcis
1302 1869 1356 1907 M.
1378 1867 1523 1906 Liuius

92 1946 109 1973 2>
128 1931 170 1970 in
211 1934 511 1972 commeatibus
550 1934 600 1972 ab
641 1935 778 1974 Sicilia
817 1935 956 1973 missis
993 1935 1210 1982 habebant,
1245 1934 1315 1984 qui
1347 1936 1393 1972 ut
1434 1936 1523 1972 tuto

125 2000 534 2047 praeterueherentur
555 2014 668 2039 oram
689 2001 842 2042 Italiae.
868 2001 1011 2039 classis
1032 2000 1180 2050 uiginti
1200 2001 1328 2038 ferme
1349 2000 1520 2038 nauium

91 2076 108 2104 :J
127 2064 245 2114 Regii
265 2065 408 2103 stabat.
470 2069 649 2114 praeerat
671 2067 791 2105 classi
811 2066 1189 2116 commeatibusque
1211 2067 1258 2104 D.
1291 2065 1518 2114 Quinctius,

125 2130 294 2168 obscuro
314 2145 460 2179 genere
481 2134 605 2179 ortus,
629 2134 809 2171 ceterum
832 2133 974 2170 multis
998 2131 1176 2170 fortibus
1205 2132 1322 2169 factis
1348 2131 1519 2169 militari

90 2207 104 2235 4
123 2195 254 2244 gloria
292 2196 491 2235 inlustris.
551 2197 685 2246 primo
719 2198 898 2248 quinque
933 2211 1069 2244 naues,
1106 2210 1281 2247 quarum
1316 2197 1519 2234 maximae

124 2261 225 2300 duae
247 2261 443 2309 triremes,
470 2278 491 2300 a
520 2262 712 2301 Marcello
735 2263 772 2301 ei
799 2263 971 2301 traditae
996 2264 1138 2309 era11t3
1167 2264 1306 2311 postea
1335 2275 1420 2300 rem
1446 2262 1518 2300 im-

89 2327 234 2376 5pigre
272 2340 388 2376 saepe
426 2327 584 2376 gerenti
619 2330 701 2366 tres
739 2329 900 2367 additae
939 2329 1268 2378 quinqueremes:
1310 2329 1518 2377 postremo

124 2392 207 2442 ipse
237 2407 259 2430 a
290 2392 409 2431 sociis
441 2393 689 2443 Reginisque
718 2397 755 2432 et
787 2409 809 2433 a
839 2395 955 2433 Velia
984 2396 1023 2433 et
1051 2408 1073 2433 a
1103 2396 1251 2433 Paesto
1282 2394 1439 2432 debitas
1468 2407 1517 2433 ex
