1672 2594
121 102 257 132 CHAP.
275 105 326 131 20
549 94 694 131 LIVY.
754 94 910 131 BOOK
941 93 1086 130 XXVI
1461 104 1512 143 25

121 208 327 246 *etenim
356 207 583 257 legationes
610 208 660 245 ad
690 206 844 245 famam
878 207 966 245 eius
999 220 1049 245 ex
1083 206 1198 244 omni
1232 219 1273 244 se
1303 205 1514 255 prouincia

117 273 558 312 effuderant—habuit.
620 285 748 311 naues
765 272 824 310 ibi
850 272 1024 310 subduci
1053 272 1173 310 iussit
1193 271 1377 310 remissis
1398 273 1512 320 quat·
1534 274 1566 301 13

119 340 214 376 tuor
242 338 484 377 triremibus
510 337 851 386 Massiliensium,
876 351 978 387 quae
1009 337 1129 376 officii
1160 350 1282 375 causa
1310 337 1362 374 ab
1391 337 1512 375 domo

119 406 355 453 prosecutae
383 404 557 442 fuerant.
618 417 814 453 responsa
852 403 948 441 inde
987 402 1262 453 legationibus
1300 401 1514 452 suspensis
1535 403 1565 431 Η

121 470 315 508 uarietate
335 472 395 507 tot
417 482 585 507 casuum
603 469 699 507 dare
715 470 847 518 coepit
863 469 921 507 ita
936 469 1041 506 elato
1055 469 1106 507 ab
1128 468 1288 518 ingenti
1310 467 1512 506 uirtutum

119 549 288 574 suarum
317 535 465 573 fiducia
494 535 646 582 animo,
679 537 724 573 ut
756 535 919 572 nullum
951 535 1064 572 ferox
1095 533 1265 572 uerbum
1297 532 1510 579 excideret,

118 599 346 651 ingensque
367 601 572 648 omnibus,
597 614 699 650 quae
721 601 886 644 diceret,
907 613 1003 638 cum
1030 600 1224 638 maiestas
1249 599 1401 637 inesset
1420 600 1512 636 tum

118 665 232 704 fides.
293 667 386 705 XX.
410 667 619 716 profectus
645 667 695 704 ab
717 667 944 704 Tarracone
972 668 1011 704 et
1031 665 1219 703 ciuitates
1245 665 1447 703 sociorum
1472 666 1544 702 etl

118 731 290 770 hiberna
313 732 516 770 exercitus
539 732 640 770 adiit
668 732 1012 781 conlaudauitque
1038 731 1203 778 milites,
1224 731 1331 780 1111011
1354 730 1512 768 duabus

120 797 245 834 tantis
285 797 476 847 deinceps
511 797 697 836 cladibus
730 798 798 835 icti
835 797 1092 846 prouinciam
1127 797 1404 834 obtinuissent
1440 809 1513 834 nec

118 861 300 900 fructum
329 864 602 902 secundarum
632 877 769 901 rerum
804 863 957 900 sentire
992 862 1124 900 hostis
1160 862 1267 911 passi
1303 861 1417 899 omni
1457 861 1547 899 cisss

121 928 327 966 Hiberum
349 942 446 979 agro
462 943 530 967 eos
545 929 771 967 arcuissent
789 929 998 976 sociosque
1012 942 1103 965 cum
1126 928 1207 965 fide
1223 927 1345 966 tutati
1363 929 1510 965 essent.

120 993 317 1031 Marcium
333 1007 471 1032 secum
487 994 658 1032 habebat
675 1008 767 1031 vum
791 996 905 1032 tanto
922 994 1089 1041 honore,
1109 995 1153 1031 ut
1171 993 1286 1030 facile
1301 994 1510 1042 appareret
1531 994 1548 1023 :3

118 1057 225 1096 nihil
247 1059 386 1098 minus
408 1061 539 1098 uereri
568 1074 690 1108 «11111111
716 1074 764 1097 nc
785 1061 877 1109 quis
898 1059 1077 1098 obstaret
1100 1058 1250 1108 gloriae
1272 1072 1376 1096 suae.
1428 1072 1511 1096 suc-
1538 1064 1544 1089 1

119 1124 235 1162 cessit
254 1125 350 1162 inde
371 1125 523 1163 Neroni
541 1125 717 1171 Silanus,
739 1127 779 1163 et
797 1126 836 1162 111
852 1125 1024 1163 hiberna
1047 1124 1199 1162 milites
1215 1124 1310 1162 noui
1330 1124 1506 1162 deducti.

118 1188 255 1238 Scipio
293 1191 496 1229 omnibus.
539 1205 642 1240 quae
680 1191 866 1229 adeunda
905 1190 1142 1239 agendaque
1182 1192 1310 1235 crant,
1351 1192 1510 1228 mature

117 1254 238 1292 aditis
257 1256 511 1305 peractisque
531 1258 801 1295 Tarraconem
823 1256 1035 1294 concessit.
1096 1256 1226 1293 nihilo
1249 1256 1383 1293 minor
1404 1257 1511 1294 fama
1529 1257 1546 1286 5

118 1321 223 1369 apud
259 1321 391 1360 hostis
423 1322 625 1372 Scipionis
656 1324 740 1360 erat
775 1335 898 1372 quam
933 1322 1041 1371 apud
1073 1321 1175 1359 ciuis
1208 1322 1432 1371 sociosque,
1470 1324 1510 1359 et

118 1386 318 1425 diuinatio
352 1388 553 1437 quaedam
587 1387 729 1435 futuri7
767 1401 848 1437 quo
883 1388 1022 1426 minus
1063 1387 1165 1425 ratio
1199 1387 1364 1425 timoris
1398 1387 1511 1425 reddi

118 1454 276 1501 poterat
298 1452 433 1491 oborti
452 1455 615 1501 temere,
636 1453 832 1491 maiorem
849 1453 1030 1491 inferens
1051 1455 1222 1490 metum.
1274 1453 1317 1490 in
1338 1452 1509 1491 hiberna
1528 1457 1545 1484 6

118 1517 269 1555 diuersi
289 1521 584 1565 concesserant,
611 1518 849 1557 Hasdrubal
871 1518 1065 1568 Gisgonis
1087 1532 1214 1568 usque
1235 1519 1283 1556 ad
1299 1519 1510 1557 Oceanum

117 1585 157 1620 et
179 1583 315 1627 Gadis,
332 1584 450 1633 Mago
464 1584 506 1622 in
520 1585 817 1622 mediterranea
834 1584 1010 1622 maxime
1031 1597 1152 1633 supra
1168 1584 1509 1622 Castulonensem

118 1648 267 1687 saltum
287 1664 295 1697 ;
326 1650 562 1688 Hasdrubal
583 1650 832 1688 Hamilcaris
859 1650 969 1688 filius
995 1650 1209 1700 proximus
1231 1650 1387 1688 Hibero
1408 1651 1510 1688 cirea

117 1715 349 1764 Saguntum
370 1716 615 1755 hibernauit.

170 1782 356 1819 Aestatis
383 1783 470 1820 eius
497 1784 690 1830 extremo,
715 1796 794 1832 qua
825 1785 938 1831 capta
967 1784 1029 1820 est
1058 1784 1194 1831 Capua
1228 1783 1266 1820 et
1301 1782 1434 1831 scipio
1466 1782 1542 1819 1117

118 1846 366 1896 Hispaniam
396 1847 521 1895 uenit,
546 1847 703 1885 Punica
727 1847 869 1885 classis
894 1861 941 1886 ex
970 1847 1109 1885 Sicilia
1128 1848 1353 1886 Tarentum
1382 1849 1509 1886 accita

117 1913 169 1949 (ccl
205 1912 400 1950 arcendos
438 1914 692 1951 commeatus
730 1913 907 1962 praesidi
947 1914 1133 1961 Romani,
1177 1914 1284 1963 (111011
1332 1914 1372 1951 111
1420 1923 1543 1951 arces

117 1978 340 2016 Tarentina
373 1980 469 2025 erat⁷
505 1979 705 2017 clauserat
737 1979 902 2028 quidem
935 1979 1071 2017 omnis
1104 1980 1151 2017 ad
1184 1993 1319 2017 arcem
1351 1993 1372 2018 a
1402 1980 1509 2018 mari

115 2043 263 2092 aditus,
285 2044 355 2081 sed
377 2044 601 2082 adsidendo
627 2045 786 2082 diutius
805 2045 1222 2084 artioremannonam
1243 2046 1362 2084 sociis
1383 2060 1506 2095 quam

116 2109 222 2146 hosti
253 2109 434 2147 faciebat.
496 2123 577 2146 non
616 2109 724 2147 enim
766 2112 930 2148 tantum
970 2111 1145 2149 subuehi
1184 2111 1400 2160 oppidanis
1438 2125 1508 2161 per
1524 2122 1541 2148 9

116 2176 253 2223 pacata
275 2174 395 2212 litora
416 2180 660 2225 apertosque
679 2178 823 2225 portus
839 2176 1040 2225 praesidio
1060 2176 1229 2214 nauium
1252 2177 1507 2215 Punicarum

115 2241 281 2289 poterat,
316 2242 518 2289 11111111111111
549 2240 749 2278 frumenti
779 2242 919 2280 classis
944 2242 1032 2292 ipsa
1059 2241 1180 2280 turba
1209 2243 1347 2280 nauali
1378 2243 1508 2280 mixta

115 2318 164 2342 ex
192 2304 305 2342 omni
334 2318 483 2353 genere
513 2305 731 2344 hominum
763 2307 1016 2353 absumebat,
1049 2309 1093 2345 ut
1122 2307 1225 2345 arcis
1256 2306 1506 2356 praesidium
1525 2317 1559 2345 111

115 2368 237 2406 etiam
279 2369 367 2407 sino
407 2370 578 2418 inuecto,
614 2371 708 2420 quia
748 2373 863 2420 pauci
902 2374 1028 2419 erant.
1062 2386 1110 2410 ex
1144 2375 1238 2410 anto
1274 2376 1506 2421 praeparato
