1672 2594
115 96 252 126 CHAP.
270 87 295 124 8
548 87 690 124 LJVY.
750 87 904 123 BOOK
936 86 1079 122 XXV]
1484 97 1508 132 9

112 201 231 241 snles.
273 200 487 239 abscedere
518 199 645 238 inrito
677 200 836 249 incepto
868 202 906 236 et
940 212 1104 236 mouere
1139 210 1160 235 a
1192 198 1328 246 Capua
1363 198 1507 235 statuit

112 269 253 305 castra.
315 266 449 304 multa
479 279 631 313 secum,
668 278 847 315 quonam
881 264 976 302 inde
1007 264 1066 301 ire
1096 266 1292 313 pergeret.
1324 262 1509 300 uoluenti
1527 274 1544 300 z‘.

112 332 239 372 subiit
263 332 452 370 animum
480 332 663 381 impetus
681 332 801 381 caput
831 331 968 379 ipsum
998 329 1094 367 belli
1124 330 1301 367 Romam
1329 329 1507 378 petendi,

113 399 230 437 cuius
268 397 326 435 rei
363 411 526 447 semper
563 397 724 446 cupitae
764 396 1095 445 praetermissam
1135 395 1387 432 occasionem
1418 396 1509 443 post

113 465 372 503 Cannensem
403 476 586 512 pugnam
621 465 660 500 et
695 462 765 500 alii
798 461 924 509 uulgo
958 460 1189 498 fremebant
1221 462 1260 498 et
1300 459 1386 509 ipse
1427 473 1508 497 non

112 528 426 567 dissimulabat:
465 528 706 577 necopinato
744 541 895 577 pauore
923 540 966 565 ac
997 527 1183 565 tumultu
1212 539 1293 563 non
1325 537 1413 562 esse
1447 525 1544 562 sle-4

112 595 362 645 sperandum
399 594 581 644 aliquam
619 597 778 643 partem
818 594 932 631 urbis
971 593 1156 642 occupari
1194 605 1337 641 posse:
1384 593 1435 631 et.
1478 591 1546 629 sifi

114 659 245 697 Roma
270 660 312 697 in
341 659 579 698 discrimine
603 662 721 701 esset.
746 659 926 708 Capuam
956 658 1162 707 extemplo
1187 657 1414 695 omissuros
1440 659 1509 694 aut

113 725 236 763 ambo
255 725 520 776 imperatores
546 726 752 763 Romanos
781 728 848 763 aut
880 725 1057 762 alterum
1086 738 1134 762 ex
1167 724 1226 767 iis,
1260 725 1311 771 et,
1345 723 1378 760 si
1410 723 1511 760 diui·

114 791 265 829 sissent
303 792 447 841 copias,
482 794 705 840 utrumque
745 791 1014 828 infirmiorem
1044 790 1199 828 factum
1231 792 1297 827 aut
1330 789 1409 826 sibi
1441 791 1509 826 aut

115 857 334 906 Campanis
373 858 474 895 bene
505 857 703 905 gerendae
736 857 790 894 rei
824 857 1032 894 fortunam
1068 856 1232 893 daturos
1271 868 1368 893 esse.
1430 867 1546 892 unam

114 936 160 960 ea
189 935 286 960 cura
310 922 497 972 angebat,
530 936 590 969 ne,
625 922 694 960 ubi
722 922 996 968 abscessisset,
1028 921 1234 970 extemplo
1264 921 1512 959 dederentur

114 988 326 1037 Campani.
388 987 612 1026 Numidam
632 990 873 1037 promptum
894 988 942 1026 ad
969 987 1107 1025 omnia
1135 987 1322 1025 audenda
1348 987 1511 1034 ostenda-

114 1066 190 1102 que
212 1053 330 1090 donis
350 1053 521 1102 perlicit,
543 1055 587 1091 ut
609 1053 760 1091 litteris
778 1054 953 1103 acceptis
974 1053 1104 1103 specie
1125 1052 1362 1101 transfugae
1382 1054 1513 1089 castra

115 1119 298 1156 Romana
318 1118 526 1169 ingressus
547 1120 674 1157 altera
697 1121 808 1169 parte
834 1119 939 1157 clam
970 1120 1151 1168 Capuam
1178 1119 1385 1168 pei-uadat.
1447 1117 1510 1155 lit·
1531 1124 1546 1152 7

115 1188 223 1222 terae
243 1187 379 1222 autem
405 1188 520 1223 erant
548 1185 834 1223 adhortatione
861 1185 1030 1235 plenae:
1060 1184 1354 1234 profectioiwm
1379 1197 1507 1231 suam,

115 1263 217 1299 quae
247 1249 439 1288 salutaris
468 1250 554 1288 illis
574 1251 687 1297 foret,
712 1251 1008 1289 abstracturam
1035 1250 1083 1288 ad
1113 1250 1413 1288 defendendam
1439 1250 1511 1287 Ro-

115 1329 227 1353 mam
248 1315 298 1354 ab
319 1317 596 1366 oppugnanda
617 1317 753 1366 Capua
775 1317 897 1355 duces
917 1319 1037 1366 atque.
1066 1317 1268 1355 exercitus
1289 1317 1506 1354 Romanos.

115 1395 166 1420 ne
175 1381 473 1431 desponderent
486 1382 664 1430 animos:
686 1383 896 1420 tolerando
910 1396 1057 1432 paucos
1070 1383 1295 1421 diestotam
1304 1381 1511 1420 soluturos
1530 1391 1547 1417 a

116 1447 382 1487 obsidionem.
444 1448 536 1486 inde
561 1448 680 1486 nauis
713 1449 756 1486 in
783 1449 955 1487 flumine
972 1448 1182 1486 Vulturno
1210 1448 1511 1497 conprehensas
1530 1458 1547 1485 9

116 1513 251 1563 subigi
278 1513 326 1551 ad
347 1513 399 1561 id,
425 1513 531 1563 qnod
555 1515 635 1552 iam
656 1516 751 1552 ante
771 1515 961 1564 praesidii
982 1527 1103 1552 cansa
1122 1513 1510 1561 fece1·at,castellum

115 1579 243 1617 iussit.
305 1592 477 1628 quarum
508 1580 576 1617 ubi
603 1582 764 1617 tantam
791 1581 947 1629 copiam
969 1593 1066 1627 esse,
1091 1582 1135 1618 ut
1156 1593 1238 1618 una
1258 1581 1376 1617 nocte
1397 1578 1511 1616 traici
1532 1588 1566 1616 10

115 1647 250 1693 posset
270 1645 479 1692 exereitus,
502 1645 674 1683 allatum
697 1648 768 1693 est,
800 1645 963 1683 cibariis
993 1646 1132 1684 decem
1163 1646 1323 1683 dierum
1352 1657 1511 1695 praepa·

117 1710 218 1748 ratis
239 1710 433 1749 deductas
453 1713 571 1749 nocte
587 1712 636 1749 ad
658 1711 835 1749 fluuium
851 1712 1032 1761 legiones
1052 1714 1148 1750 ante
1163 1712 1297 1750 lucem
1320 1712 1489 1750 traiecit.

171 1775 292 1815 VIII.
327 1776 376 1814 Id
414 1777 655 1826 priusquam
694 1778 821 1825 fieret,
863 1778 919 1815 ita
953 1778 1142 1816 futurum
1183 1780 1425 1827 conpertum
1463 1784 1545 1815 exl

116 1842 346 1890 transfugis
376 1842 550 1881 Fuluius
580 1843 748 1881 Flaccus
771 1844 928 1881 senatui
960 1843 1135 1882 Romam
1156 1857 1250 1881 cum
1272 1844 1509 1892 scripsisset.

116 1907 228 1945 uarie
265 1907 395 1945 animi
433 1908 652 1946 hominum
683 1922 756 1958 pro
790 1908 987 1958 cuiusque
1022 1909 1188 1958 ingenio
1220 1909 1369 1947 adfecti
1399 1912 1507 1947 sunt.

118 1975 163 2011 ut
187 1973 230 2010 in
256 1986 296 2010 re
322 1975 410 2010 tam
436 1973 594 2023 trepida
623 1977 767 2012 senatu
794 1974 1000 2024 extemplo
1027 1978 1171 2013 uocato
1202 1976 1247 2013 P.
1282 1975 1507 2014 Corneli-us.
1530 1979 1547 2008 ‘2

117 2038 183 2075 cui
222 2038 376 2076 Asinae
407 2051 634 2087 cognomen
664 2042 760 2086 erat,
802 2052 944 2077 omnes
981 2039 1105 2077 duces
1142 2040 1426 2090 exercitusque
1464 2053 1512 2077 ex

118 2107 202 2142 tota
232 2103 353 2142 Italia
387 2117 518 2154 neque
548 2105 710 2154 Capuae
742 2118 872 2154 neque
904 2105 1031 2143 ullius
1062 2106 1233 2144 alterius
1267 2106 1324 2143 rei
1355 2119 1514 2144 memor

118 2169 166 2207 ad
206 2169 323 2207 urbis
360 2170 611 2219 praesidium
646 2170 888 2219 reuocabat;
931 2171 1083 2209 Fabius
1114 2171 1319 2210 Maximus
1353 2171 1548 2209 abscedif‘·

117 2248 139 2272 a
160 2235 298 2283 Capua
317 2235 542 2284 terrerique
562 2237 601 2273 et
622 2235 841 2284 circumagi
861 2236 910 2275 ad
940 2239 1066 2274 nutus
1092 2237 1514 2285 comminationesque

121 2299 370 2337 Hannibalis
400 2300 651 2349 flagitiosum
683 2301 882 2340 ducebat:
923 2303 993 2351 qui
1023 2302 1071 2340 ad
1103 2303 1265 2340 Cannas
1296 2302 1427 2339 uictor
1456 2302 1512 2338 ire
1531 2308 1545 2333 ⁴

119 2368 258 2403 tamen
287 2365 336 2404 ad
367 2366 510 2404 urbem
541 2379 664 2405 ausus
694 2380 775 2405 non
805 2370 921 2415 esset,
953 2381 1047 2405 eum
1080 2381 1102 2406 a
1132 2368 1268 2416 Capua
1300 2367 1510 2416 repulsum
