1672 2594
126 108 264 138 CHAP.
283 112 336 149 49
559 100 703 136 LIVY.
762 100 917 136 BOOK
950 99 1090 134 XXV]
1470 110 1522 148 59

126 212 351 262 praefectus
398 211 546 258 classis,
598 210 832 260 legionariis
874 211 927 249 M.
976 211 1243 261 Sempronius
1291 210 1524 250 Tuditanus

126 278 276 316 aderat.
337 290 382 315 ea
414 276 624 314 contentio
656 289 750 313 cum
789 289 914 325 prope
948 276 1193 314 seditionem
1233 276 1403 324 ueniret,
1439 276 1521 314 Sci·
1542 282 1558 309 S

126 342 194 391 pio
232 342 307 380 tris
336 343 637 391 recuperatores
675 354 770 378 cum
800 354 841 379 se
870 341 1063 379 daturum
1101 341 1418 390 pronuntiasset,
1453 342 1521 391 qui

126 406 290 456 cognita
327 419 445 444 causa
476 405 730 455 testibusque
763 406 915 445 auditis
946 406 1188 447 iudicarent.
1222 409 1313 444 uter
1338 407 1451 455 prior
1480 407 1522 444 in

126 472 323 522 oppidum
361 471 690 520 transcendisset,
730 473 770 510 C.
814 471 952 510 Laelio
991 474 1031 510 et
1073 472 1125 510 M.
1173 472 1427 521 Sempronio,
1459 473 1559 511 ad-‘d

125 537 282 576 uocatis
301 537 429 587 partis
451 537 674 586 utriusque,
706 537 751 575 P.
782 537 1021 576 Cornelium
1046 537 1277 576 Caudinum
1309 538 1358 575 de
1388 537 1526 574 medio

126 602 275 641 adiecit
294 616 443 651 eosque
464 603 540 640 tris
568 604 870 652 recuperatores
897 602 1108 641 considere
1131 604 1171 640 et
1193 615 1354 641 causam
1382 615 1524 651 cogno-

127 682 237 707 scere
271 668 402 707 iussit.
461 681 555 705 cum
585 681 648 705 res
678 682 724 706 eo
753 668 906 706 maiore
934 670 1121 718 ageretur
1150 669 1382 715 certamine,
1415 668 1522 717 quod
1544 671 1579 700 10

127 734 255 772 amoti
277 735 412 772 tantae
433 733 647 783 dignitatis
668 747 752 771 non
783 736 866 771 tam
888 733 1075 771 aduocati
1096 747 1219 783 qnam
1249 734 1526 771 moderatores

127 799 360 837 studiorum
394 799 569 845 fuerant,
605 799 645 837 C.
681 799 845 836 Laelius
876 798 1020 836 relicto
1055 799 1228 837 consilio
1259 799 1307 837 ad
1341 799 1525 837 tribunal

128 865 176 903 ad
217 864 450 914 Scipionem
490 864 644 902 accedit
682 878 858 914 eumque
902 865 1018 902 docet
1058 879 1141 902 rem
1182 865 1270 902 sine
1312 865 1434 903 modo
1481 878 1526 903 ac
1545 869 1576 897 ll

128 929 327 968 modestia
356 930 432 979 agi,
466 943 510 967 ac
544 942 666 979 prope
699 942 794 976 esse,
829 932 874 967 nt
905 942 1054 967 manus
1087 930 1196 967 inter
1228 944 1270 968 se
1301 931 1524 969 conferant.

128 997 305 1033 ceterum
327 995 450 1033 etiam
471 995 504 1032 si
527 995 590 1033 uis
619 996 735 1043 absit,
762 995 894 1033 nihilo
922 995 1061 1033 minus
1083 996 1315 1034 detestabili
1338 996 1527 1046 exemplo

128 1074 214 1098 rem
235 1061 312 1109 agi,
328 1061 478 1110 quippe
499 1061 568 1098 nbi
590 1061 732 1099 fraude
752 1074 796 1099 ac
818 1061 994 1110 periurio
1016 1061 1139 1099 decus
1159 1064 1325 1111 petatur
1347 1062 1524 1100 uirtutis.

127 1129 232 1163 stare
255 1125 351 1163 hinc
373 1126 617 1175 legionarios
638 1127 802 1174 milites,
826 1127 921 1164 hinc
952 1127 1149 1175 classicos,
1175 1141 1245 1176 per
1275 1128 1410 1165 omnis
1432 1128 1527 1166 deos
1547 1130 1580 1158 12

128 1195 286 1240 paratos
324 1192 456 1230 iurare
489 1192 618 1241 magis
654 1206 755 1241 quae
792 1193 933 1240 uelint,
971 1207 1094 1242 quam
1130 1207 1230 1243 quat¹
1271 1194 1402 1232 sciant
1436 1208 1526 1232 nera

128 1270 224 1303 csse,
262 1259 301 1295 ot
333 1258 586 1307 obstringere
607 1258 783 1307 periurio
815 1272 896 1295 non
932 1272 972 1295 se
999 1258 1134 1296 solum
1167 1272 1372 1308 suumque
1395 1263 1524 1309 caput.

128 1321 197 1359 sed
247 1322 363 1372 signa
402 1323 598 1361 militaria
635 1326 674 1361 et
714 1323 872 1372 aquilas
909 1324 1232 1373 sacranwntique
1275 1325 1522 1373 religionem.

129 1387 226 1425 haec
255 1402 298 1427 se
326 1389 375 1426 ad
407 1402 500 1426 eum
536 1389 585 1426 de
615 1389 818 1426 sententia
851 1390 895 1427 P.
933 1389 1110 1427 Cornelii
1144 1392 1183 1427 et
1214 1390 1255 1427 M
1297 1390 1529 1439 Sempronii
1550 1394 1583 1423 113»

130 1453 295 1491 deferre.
356 1454 491 1504 Scipio
521 1455 766 1493 conlaudato
797 1454 934 1492 Laelio
961 1455 1009 1492 ad
1041 1455 1277 1492 contionem
1312 1455 1529 1493 aduocauit

130 1520 498 1569 pronuntiauitque
518 1534 560 1558 se
580 1521 679 1558 satis
700 1522 955 1569 compertum
980 1520 1129 1558 habere
1154 1521 1197 1568 Q.
1224 1520 1469 1558 Tiberilium
1490 1524 1530 1559 et

131 1586 220 1623 Sex.
246 1586 448 1635 Digitium
470 1586 622 1635 pariter
641 1587 685 1624 in
705 1600 873 1624 murum
895 1586 1132 1625 escendisse.
1156 1600 1279 1635 seque
1301 1600 1368 1624 eos
1389 1586 1531 1624 ambos

132 1650 300 1688 uirtutis
316 1664 436 1689 causa
448 1651 610 1690 coronis
625 1652 854 1690 muralibus
875 1652 1037 1689 donare.
1088 1654 1178 1689 tum
1200 1652 1389 1701 reliqiios,
1409 1656 1529 1701 prout
1554 1667 1583 1694 1⁴

130 1716 327 1765 cuiusque
355 1717 550 1755 meritum
582 1717 797 1765 uirtusque
827 1719 922 1764 erat,
958 1717 1156 1764 donauit3
1195 1719 1291 1755 ante
1321 1717 1455 1754 omnis
1487 1718 1528 1756 C.

132 1781 315 1819 Laelium
349 1784 598 1831 praefectum
631 1783 772 1820 classis
802 1785 841 1820 et
881 1783 996 1820 omni
1025 1796 1173 1832 genere
1202 1782 1336 1821 laudis
1365 1783 1529 1820 sibimet

133 1847 218 1895 ipse
238 1848 428 1896 aequauit
448 1850 487 1885 ct
509 1861 654 1886 corona
674 1861 794 1885 aurea
814 1862 857 1885 ac
879 1848 1048 1896 triginta
1070 1847 1204 1886 bubus
1225 1848 1407 1886 donauit.

189 1912 343 1951 XLIX.
377 1913 482 1950 Tum
514 1913 676 1951 obsides
705 1913 936 1951 ciuitatium
968 1914 1195 1963 Hispaniae
1225 1913 1358 1951 uocari
1386 1913 1504 1950 iussit
1523 1925 1563 1959 ;1

135 1992 310 2026 quornm
336 1980 513 2027 quantus
534 1992 732 2016 numerus
752 1979 877 2016 fuerit
904 1978 1014 2028 piget
1046 1979 1232 2018 scribere.
1264 1979 1413 2028 quippe
1438 1992 1529 2017 cum

133 2043 231 2080 alibi
244 2045 448 2081 trecentos
463 2044 600 2089 ferme,
617 2044 715 2082 alibi
733 2044 811 2082 tria
824 2044 939 2082 milia
953 2045 1236 2093 septingentos
1255 2045 1403 2094 uiginti
1422 2048 1533 2094 quat-

134 2110 230 2146 tuor
248 2108 377 2146 fuisse
389 2109 611 2147 inueniam.
671 2123 797 2159 aeque
813 2111 854 2147 et
869 2109 947 2147 alia
965 2110 1072 2148 inter
1085 2112 1269 2148 auctores
1286 2111 1528 2159 discrepant.
1552 2121 1568 2150 2

136 2173 382 2222 praesidium
415 2175 620 2212 Punicum
651 2175 756 2212 alius
782 2175 931 2222 decem⁷
960 2175 1066 2212 alins
1097 2178 1265 2224 septem,
1290 2175 1396 2212 alius
1423 2176 1532 2214 haud

136 2239 229 2288 plus
260 2253 382 2289 quam
409 2241 538 2278 duum
564 2241 729 2278 milium
753 2241 880 2279 fnisse
909 2240 1062 2278 scribit.
1123 2244 1238 2290 capta
1263 2241 1361 2278 alibi
1392 2241 1532 2278 decem

136 2304 252 2342 milia
272 2305 462 2355 capitum,
487 2306 585 2344 alibi
606 2319 727 2356 supra
747 2306 927 2356 quinque
949 2308 986 2344 et
1017 2307 1168 2355 uiginti
1192 2306 1371 2345 inuenio.
1432 2319 1532 2344 scor·
1552 2319 1569 2343 :;

137 2370 277 2419 piones
307 2371 482 2409 maiores
509 2372 770 2421 minoresque
798 2372 846 2410 ad
877 2373 1087 2421 sexaginta
1118 2375 1256 2421 captos
1288 2372 1532 2421 scripserim.
