1672 2594
62 120 240 161 CHAP.5
490 112 633 149 LIVY.
696 111 850 148 BOOK
882 111 1021 147 XXVI
1429 122 1452 159 5

65 224 134 274 qui
164 225 341 274 acceptis
370 225 518 263 litteris
546 237 769 263 euasurum
800 237 843 262 se
872 224 1081 273 professus
1111 226 1334 273 praestaret
1369 236 1456 272 pro-

62 290 250 329 missum.
310 304 382 340 per
411 290 546 329 media
582 290 769 328 Romana
804 292 934 328 castra
966 291 1085 327 nocte
1120 301 1307 337 egressus
1339 301 1454 337 spem

62 355 250 393 accendit
271 355 502 405 Campanis,
528 356 629 394 dum
650 355 807 405 aliquid
828 355 982 392 uirium
1004 356 1245 404 superesset,
1270 353 1321 391 ab
1341 354 1455 391 omni

62 422 178 471 parte
198 422 458 471 eruptionem
480 421 725 471 temptandi.
787 423 970 459 ceterum
993 421 1035 458 in
1057 419 1203 458 multis
1223 418 1456 457 certamini·
1474 431 1491 461 3

2 497 6 499 ·
62 486 139 524 bus
153 488 356 536 equestria
376 487 530 537 proelia
545 487 674 525 ferme
694 500 886 536 prospera
906 485 1122 531 faciebant,
1141 485 1277 535 pedite
1296 498 1456 534 supera-

64 552 224 591 bantur.
286 553 355 591 sed
387 565 647 603 nequaquam
677 555 763 591 tam
793 552 949 590 laetum
979 551 1146 590 uincere
1180 563 1303 601 quam
1334 551 1456 589 triste

65 618 176 656 uinci
208 618 290 657 ulla
320 620 432 669 parte
459 621 546 657 erat
572 619 622 657 ab
651 619 815 657 obsesso
838 621 878 656 et
907 631 1032 667 prope
1062 619 1296 667 expugnato
1326 616 1452 654 hoste.

66 684 167 722 inita
187 684 357 723 tandem
379 685 481 723 ratio
496 687 566 732 est,
584 687 627 723 ut
649 685 755 734 quod
774 684 932 722 uiribus
949 683 1087 722 deerat
1102 685 1187 721 arte
1203 683 1455 732 aequaretur.
1477 697 1490 723 ιι

63 763 111 787 ex
143 750 336 789 omnibus
366 750 600 800 legionibus
628 750 749 788 electi
779 752 877 788 sunt
911 749 1079 787 quenes
1108 748 1288 786 maxime.
1319 748 1458 797 uigore

64 826 109 852 ac
139 813 306 854 leuitate
336 829 555 866 corporum
588 816 772 863 ueloces:
804 815 863 853 eis
896 827 1060 864 parmae
1094 814 1302 852 breuiores
1335 826 1459 862 quam

65 883 275 931 equestres
296 884 335 920 et
355 885 523 932 septena
542 881 672 919 iacula
699 883 920 930 quaternos
944 880 1067 929 longa
1096 880 1218 929 pedes
1239 879 1334 917 data
1352 891 1460 928 prae-

66 947 145 984 fixa
176 947 292 994 ferro,
326 947 445 996 quale
475 947 606 985 hastis
637 946 880 985 uelitaribus
908 946 1027 985 inest.
1089 958 1158 983 eos
1193 944 1380 994 singulos
1416 944 1458 981 in
1477 959 1494 988 ς,

65 1026 190 1062 equos
209 1026 305 1050 suos
324 1013 570 1062 accipientes
585 1013 744 1062 equites
759 1012 1069 1050 adsuefeserunt
1087 1014 1125 1049 et
1150 1010 1243 1048 uehi
1266 1012 1356 1059 post
1373 1022 1458 1047 sese

64 1081 105 1116 et
126 1078 290 1116 desilire
310 1079 541 1128 perniciter,
564 1078 632 1117 ubi
657 1078 798 1116 datum
821 1077 987 1127 signum
1010 1079 1125 1115 esset.
1180 1077 1220 1114 id
1240 1077 1459 1125 postquam
1478 1093 1494 1117 η

65 1144 337 1183 adsuetudine
377 1145 582 1183 cotidiana
624 1144 723 1182 satis
762 1143 965 1193 intrepide
1004 1143 1090 1180 fieri
1133 1142 1269 1180 uisum
1309 1145 1382 1186 est,
1417 1141 1460 1179 in

66 1223 269 1260 campum,
294 1211 364 1260 qui
385 1211 548 1248 medius
576 1211 685 1248 iuter
713 1213 841 1247 castra
871 1222 1121 1258 murumque
1141 1210 1239 1255 erat,
1264 1208 1462 1245 aduersus

69 1277 292 1315 instructos
330 1278 637 1327 Campanorum
682 1276 841 1325 equites
888 1277 1187 1325 processerunt,
1217 1276 1266 1313 et.
1301 1273 1371 1311 ubi
1411 1273 1494 1317 ad:

68 1343 300 1381 coniectum
337 1342 409 1380 teli
449 1344 620 1380 uentum
662 1344 734 1388 est,
773 1341 891 1390 signo
931 1341 1026 1378 dato
1067 1340 1210 1377 uelites
1248 1339 1457 1378 desiliunt.

67 1408 268 1458 pedestris
292 1408 387 1446 inde
415 1408 520 1446 acies
543 1421 592 1445 ex
620 1407 806 1456 equitatu
835 1408 1000 1456 repente
1028 1406 1070 1443 iu
1094 1405 1277 1443 hostium
1305 1405 1462 1454 equites

69 1474 253 1520 incurrit,
287 1473 498 1523 iaculaque
533 1486 627 1511 cum
666 1473 824 1522 impetu
864 1472 939 1510 alia
979 1485 1101 1521 super
1134 1470 1211 1508 alia
1246 1470 1462 1509 emittunt.

67 1540 217 1590 quibus
232 1538 426 1589 plurimis
443 1539 482 1577 in
502 1552 626 1588 equos
642 1538 836 1588 uirosque
851 1538 1007 1588 passim
1024 1536 1218 1575 coniectis
1233 1536 1462 1586 permultos
1482 1553 1497 1575 s

69 1605 401 1652 uolnerauerunt,
417 1604 582 1654 pauoris
598 1606 735 1642 tamen
753 1604 846 1653 plus
861 1617 911 1641 ex
933 1616 975 1640 re
992 1616 1097 1640 noua
1113 1604 1236 1651 atque
1248 1601 1461 1651 inopinata

69 1671 269 1710 iniectum
291 1672 364 1715 est,
388 1672 427 1708 et
454 1671 495 1708 in
518 1669 754 1720 perculsum
785 1670 946 1707 hostem
969 1669 1127 1718 equites
1148 1667 1303 1705 inuecti
1324 1668 1462 1717 fugam

69 1740 328 1787 stragemque
348 1749 488 1774 eorum
512 1749 639 1785 usque
667 1736 716 1773 ad
745 1737 884 1785 portas
904 1735 1100 1773 feceruut.
1158 1733 1254 1772 inde
1277 1734 1462 1783 equitatu
1481 1748 1498 1775 s·

69 1816 230 1853 quoque
250 1802 436 1852 superior
456 1802 643 1840 Romana
668 1815 730 1839 res
758 1801 848 1840 fuit.
906 1800 1158 1847 institutum,
1186 1802 1227 1838 ut
1253 1799 1400 1838 uelites
1420 1799 1462 1837 in

68 1867 304 1917 legionibus
324 1870 471 1905 essent.
523 1869 732 1905 auctorem
753 1867 938 1916 peditum
960 1866 1087 1916 equiti
1111 1866 1463 1904 inmiscendorum
1484 1879 1517 1907 10

69 1933 354 1972 Centurionem
376 1933 420 1982 Q.
438 1933 619 1971 Nauium
638 1933 788 1972 ferunt.
809 1932 1036 1982 honorique
1053 1931 1093 1970 id
1115 1931 1151 1969 ei
1169 1931 1275 1981 apud
1296 1931 1464 1980 impera-

69 2003 200 2038 torem
221 1998 359 2037 fuisse.

123 2065 172 2104 V.
195 2065 299 2104 Cum
328 2065 370 2102 in
398 2064 474 2102 hoo
499 2066 608 2102 statu
637 2065 687 2102 ad
708 2065 888 2113 Capuam
918 2077 981 2101 res
1004 2065 1155 2110 essent,
1180 2062 1463 2101 Hannibalen‘i
1484 2079 1497 2106 1

70 2131 283 2170 diuersum
310 2129 556 2168 Tarentinae
582 2130 685 2168 arcis
712 2129 932 2179 potiundae
960 2129 1199 2179 Capuaeque
1229 2128 1464 2167 retinendae

70 2196 289 2236 trahebant
317 2209 446 2235 curae.
509 2196 608 2234 uicit
639 2198 778 2234 tamen
809 2197 1016 2245 respectus
1050 2196 1222 2245 Capuae.
1256 2195 1298 2233 in
1339 2208 1462 2244 quam
1482 2209 1499 2236 2

71 2260 259 2301 omnium
292 2262 498 2301 sociorum
532 2261 798 2310 hostiumque
832 2274 1051 2299 conuersos
1085 2261 1249 2300 uidebat
1288 2261 1461 2308 animos,

72 2329 319 2366 documento
341 2327 512 2374 futurae,
538 2326 879 2376 qualemcumque
901 2328 1099 2365 euentum
1122 2326 1294 2365 defectio
1315 2326 1366 2365 ab
1388 2327 1464 2364 Ro-

72 2394 207 2433 manis
221 2392 442 2432 habuisset.
486 2393 611 2443 igitur
624 2405 773 2442 magna
784 2394 898 2443 parte
910 2392 1305 2442 impedimentorum
1322 2391 1466 2431 relicta
1482 2403 1500 2430 3
