1672 2594
150 109 201 146 44
583 97 725 133 Lll'Y.
789 97 940 133 BOOK
974 96 1117 132 A‘A'J'J
1343 104 1480 134 CHAP.
1497 97 1549 147 36

150 223 271 248 omne
305 211 514 248 senatores
548 210 728 248 erastino
760 210 825 248 die
860 210 900 248 in
940 209 1152 260 publicum
1189 209 1458 257 conferamus,
1492 210 1548 248 ita

149 276 194 311 ut
214 275 361 313 anulos
387 275 466 313 sibi
495 276 667 325 quisque
692 278 732 314 et
760 276 925 325 coniugi
951 278 991 314 et
1018 275 1169 323 liberis,
1199 277 1239 313 et
1265 274 1351 313 filio
1377 275 1545 324 bullam,

148 341 199 386 et,
234 340 384 389 quibus
418 355 520 379 uxor
552 341 712 380 filiaeue
751 343 859 389 sunt,
902 342 1084 390 singulas
1116 341 1259 379 uncias
1289 341 1426 390 pondo
1458 342 1547 380 auri

114 405 412 455 Grelinquant:
458 407 627 456 argenti,
663 407 733 456 qui
769 407 899 444 curuli
930 407 1030 445 sella
1064 406 1269 453 sederunt,
1302 406 1397 455 equi
1431 419 1548 444 orna-

150 473 290 509 menta
327 473 368 509 et
406 471 533 510 libras
570 473 716 521 ponde,
762 474 807 510 ut
845 473 1026 510 salinum
1066 473 1345 521 patellamque
1378 472 1549 510 deorum

149 549 269 575 causa
300 537 450 575 habere
482 538 654 586 possint,
690 539 814 576 ceteri
853 540 1060 576 senatores
1093 537 1242 575 libram
1277 537 1435 587 argenti
1460 540 1548 576 tan-

114 617 130 645 7
149 604 266 650 tum3
301 603 406 641 aei-Is
437 604 589 653 signati
618 603 742 653 quina
768 603 883 641 milia
911 603 953 641 in
985 603 1176 653 singulos
1202 605 1338 652 patres
1366 603 1548 641 familiae

114 684 130 709 ,Q
150 668 458 717 relinquamus:
498 671 680 706 ceterum
711 682 833 706 omne
857 682 1017 717 aurum,
1045 670 1275 719 argentum,
1317 682 1385 706 aes
1414 669 1548 718 signa-

147 735 237 771 tum
259 734 307 771 ad
330 734 574 772 triumuiros
595 734 821 773 mensarios
841 734 1048 783 extemplo
1065 734 1297 772 deferamus
1318 733 1434 772 nullo
1454 736 1549 772 ante

147 801 314 837 senatus
344 799 532 837 consulto
561 799 678 847 facto,
714 802 760 838 ut
789 799 1025 838 uoluntaria
1059 798 1237 837 conlatio
1268 801 1307 837 et
1341 801 1548 839 certamen

146 864 400 902 adiuuandae
442 865 497 903 rei
537 865 724 914 publicae
770 866 920 903 excitet
958 865 1009 903 ad
1056 864 1350 903 aemulandum
1388 865 1550 904 animos

113 945 129 971 ῃ
147 930 330 979 primum
359 930 560 980 equestris
590 930 756 978 ordinis,
787 931 880 969 (lein
911 931 1055 968 relioae
1084 931 1226 980 plebis.
1287 931 1392 969 hanc
1422 944 1547 970 unam

149 995 258 1033 uiam
289 997 421 1034 multa
442 996 551 1034 inter
571 1010 645 1034 nos
666 996 870 1034 conlocuti
892 996 1080 1034 eonsules
1106 996 1356 1035 inuenimus.
1416 997 1548 1047 ingre-

147 1061 295 1099 ‹limini
312 1061 374 1100 dis
388 1061 491 1099 bene
507 1062 758 1100 iuuantibus.
819 1075 884 1099 res
899 1062 1064 1111 public-a
1077 1061 1295 1100 incolumis
1316 1064 1355 1100 et
1368 1063 1549 1111 priuatas

148 1140 210 1164 res¹
231 1127 349 1165 faeile
379 1127 513 1165 saluas
537 1130 742 1176 praestat3
773 1127 938 1177 publica
968 1128 1177 1177 prodendo
1204 1130 1276 1166 tua
1296 1128 1547 1177 nequiquam

94 1199 129 1228 10
147 1194 310 1231 semes?
366 1193 409 1231 in
448 1193 546 1231 haee
582 1195 695 1231 tanto
733 1195 873 1231 animo
914 1206 1158 1232 consensum
1198 1195 1268 1242 est,
1311 1196 1356 1231 ut
1394 1194 1550 1243 gratiae

94 1266 125 1293 11
150 1258 256 1297 ultro
305 1259 545 1297 consulibus
582 1260 813 1308 agerentur.
893 1261 1038 1297 senatu
1080 1259 1175 1296 inde
1221 1259 1347 1297 misso
1385 1273 1458 1308 pro
1506 1273 1548 1298 se

147 1325 319 1374 quisque
349 1338 497 1363 aurum
528 1327 563 1363 et
591 1325 808 1373 argentum
838 1327 880 1362 et
913 1338 981 1362 aes
1012 1325 1054 1362 in
1086 1324 1299 1374 publicum
1331 1325 1548 1364 conferunt

145 1392 260 1428 tanto
286 1391 511 1429 certamine
539 1390 700 1438 iniecto,
732 1392 777 1428 ut
800 1391 934 1440 prima
957 1392 1027 1428 aut
1057 1390 1164 1428 inter
1191 1391 1349 1440 primos
1378 1391 1550 1430 nomina

145 1470 219 1495 sua
251 1457 407 1495 uellent
439 1457 482 1494 in
512 1456 688 1506 publicis
719 1456 872 1495 tabulis
905 1469 1004 1504 esse,
1038 1459 1083 1495 ut
1123 1470 1197 1494 nec-
1236 1456 1446 1494 triumuiri
1485 1471 1547 1495 ae-

94 1528 127 1557 12
147 1522 341 1572 eipiundo
362 1536 436 1560 nec
458 1522 612 1560 scribae
629 1523 847 1560 referundo
863 1522 1107 1560 sufficerent.
1168 1523 1279 1560 hune·
1300 1536 1546 1561 consensum

146 1590 314 1626 senatus
348 1590 536 1637 equester
567 1588 665 1625 ordo
697 1590 759 1625 est
790 1590 965 1635 secutus,
999 1589 1199 1637 equestris
1230 1588 1385 1626 ordinis
1415 1588 1542 1638 plebs,

146 1654 202 1692 ita
231 1654 320 1692 sine
349 1654 495 1702 edicto,
517 1654 606 1691 sine
639 1654 884 1692 coercitione
914 1655 1181 1704 magistratus
1212 1667 1284 1691 nee
1315 1654 1469 1703 remige
1502 1655 1545 1693 in

146 1720 483 1770 supplementum
519 1733 592 1757 neo
622 1719 827 1769 stipendio
859 1733 923 1758 res
952 1720 1116 1769 publica
1145 1720 1282 1769 eguit3
1312 1721 1545 1770 paratisque

145 1786 340 1824 omnibus
359 1786 407 1824 ad
429 1786 589 1824 bellum
612 1786 801 1824 eonsules
821 1785 863 1823 in
886 1786 1118 1835 prouincias
1140 1786 1311 1835 profecti
1333 1788 1442 1825 sunt.

111 1861 121 1887 1
200 1852 425 1890 XXXVII.
459 1852 600 1901 Neque
630 1851 739 1889 aliud
774 1854 937 1900 tempus
971 1851 1071 1888 belli
1099 1850 1189 1899 fuit,
1225 1864 1305 1900 quo
1335 1851 1543 1901 Carthagi-

144 1918 309 1956 nienses
330 1918 586 1966 Romanique
607 1917 761 1966 pariter
783 1917 907 1955 uariis
930 1917 1091 1955 casibus
1120 1917 1322 1954 immixtis
1350 1917 1480 1966 magis
1502 1917 1544 1953 in

74 2022 76 2024 ,
108 1992 126 2021 2
143 1984 314 2033 ancipiti
334 1997 404 2032 spe
423 1996 467 2021 ac
488 1985 602 2021 metu
623 1983 789 2021 fuerint.
849 1996 944 2020 nam
966 1983 1167 2020 Romanis
1188 1984 1226 2019 et
1248 1982 1290 2019 in
1307 1982 1540 2031 prouinciis,

144 2049 239 2088 hinc
273 2050 314 2087 in
351 2049 555 2098 Hispania
588 2049 781 2087 aduersae
820 2062 896 2097 res,
939 2048 1034 2086 hinc
1076 2060 1290 2097 prosperae
1322 2047 1364 2085 in
1405 2047 1544 2085 Sicilia

109 2124 127 2154 3
143 2115 302 2153 luctum
324 2117 363 2152 et
384 2114 584 2152 laetitiam
610 2115 883 2153 miscuerant:
913 2114 1018 2152 etin
1049 2113 1171 2152 Italia
1197 2127 1289 2151 cum
1318 2113 1541 2150 Tarentum

142 2182 342 2218 amissum
372 2181 522 2218 damno
552 2183 589 2217 et
621 2181 763 2229 dolori,
802 2182 893 2218 tum
923 2193 994 2218 arx
1023 2193 1117 2217 eum
1148 2178 1352 2228 praesidio
1382 2179 1543 2216 retenta

108 2256 124 2283 4
144 2248 304 2296 praeter
323 2259 439 2295 spem
460 2245 607 2295 gaudio
628 2246 707 2284 fuit
724 2260 732 2293 ;
761 2247 801 2284 et
822 2248 1020 2284 terrorem
1048 2245 1234 2283 subitum
1264 2257 1542 2293 pauoremque

144 2312 260 2350 urbis
280 2312 435 2349 Romae
454 2311 638 2349 obsessae
658 2314 698 2349 et
717 2313 974 2361 oppugnatae
1000 2311 1138 2360 Capua
1167 2311 1257 2359 post
1283 2309 1369 2347 dies
1395 2322 1543 2358 paucos

110 2387 126 2418 5
144 2380 261 2426 capta
282 2378 324 2415 in
345 2377 547 2416 laetitiam
569 2377 705 2415 uertit.
766 2377 1068 2415 transmarinae
1089 2389 1249 2425 quoque
1271 2388 1333 2413 res
1361 2375 1539 2424 quadam
