<?xml version="1.0" encoding="UTF-8"?>
<!DOCTYPE html PUBLIC "-//W3C//DTD XHTML 1.0 Transitional//EN"
    "http://www.w3.org/TR/xhtml1/DTD/xhtml1-transitional.dtd">
<html xmlns="http://www.w3.org/1999/xhtml" xml:lang="en" lang="en">
 <head>
  <title>
</title>
<meta http-equiv="Content-Type" content="text/html;charset=utf-8" />
  <meta name='ocr-system' content='tesseract 3.04.00' />
  <meta name='ocr-capabilities' content='ocr_page ocr_carea ocr_par ocr_line ocrx_word'/>
</head>
<body>
  <div class='ocr_page' id='page_1' title='image "./bookxxvi00livyuoft_0075.png"; bbox 0 0 1672 2594; ppageno 0'>
   <div class='ocr_carea' id='block_1_1' title="bbox 121 81 1515 131">
    <p class='ocr_par' dir='ltr' id='par_1_1' title="bbox 121 81 1515 131">
     <span class='ocr_line' id='line_1_1' title="bbox 121 81 1515 131; baseline -0.001 -14"><span class='ocrx_word' id='word_1_1' title='bbox 121 88 257 118; x_wconf 82' lang='lat' dir='ltr'><strong>CHAP.</strong></span> <span class='ocrx_word' id='word_1_2' title='bbox 275 91 325 129; x_wconf 80' lang='lat'>32</span> <span class='ocrx_word' id='word_1_3' title='bbox 550 81 694 117; x_wconf 74' lang='lat' dir='ltr'><em>LJVY.</em></span> <span class='ocrx_word' id='word_1_4' title='bbox 755 81 910 117; x_wconf 71' lang='lat' dir='ltr'><em>BOOK</em></span> <span class='ocrx_word' id='word_1_5' title='bbox 942 81 1085 117; x_wconf 73' lang='lat' dir='ltr'><em>XXV]</em></span> <span class='ocrx_word' id='word_1_6' title='bbox 1463 94 1515 131; x_wconf 80' lang='lat'>39</span> 
     </span>
    </p>
   </div>
   <div class='ocr_carea' id='block_1_2' title="bbox 105 193 1564 2404">
    <p class='ocr_par' dir='ltr' id='par_1_2' title="bbox 105 193 1564 2404">
     <span class='ocr_line' id='line_1_2' title="bbox 120 193 1514 243; baseline 0.001 -14"><span class='ocrx_word' id='word_1_7' title='bbox 120 205 212 230; x_wconf 85' lang='lat' dir='ltr'>cum</span> <span class='ocrx_word' id='word_1_8' title='bbox 242 193 498 243; x_wconf 85' lang='lat' dir='ltr'>principibus</span> <span class='ocrx_word' id='word_1_9' title='bbox 526 206 768 243; x_wconf 87' lang='lat' dir='ltr'>responsum</span> <span class='ocrx_word' id='word_1_10' title='bbox 799 193 983 241; x_wconf 86' lang='lat' dir='ltr'>dabatur,</span> <span class='ocrx_word' id='word_1_11' title='bbox 1019 193 1164 232; x_wconf 86' lang='lat' dir='ltr'>multis</span> <span class='ocrx_word' id='word_1_12' title='bbox 1190 195 1300 232; x_wconf 86' lang='lat' dir='ltr'>terra</span> <span class='ocrx_word' id='word_1_13' title='bbox 1329 193 1514 242; x_wconf 83' lang='lat' dir='ltr'>marique</span> 
     </span>
     <span class='ocr_line' id='line_1_3' title="bbox 119 258 1512 309; baseline 0.001 -14"><span class='ocrx_word' id='word_1_14' title='bbox 119 258 331 297; x_wconf 79' lang='lat' dir='ltr'><strong>exhaustis</strong></span> <span class='ocrx_word' id='word_1_15' title='bbox 355 258 564 297; x_wconf 78' lang='lat' dir='ltr'>laboribus</span> <span class='ocrx_word' id='word_1_16' title='bbox 587 258 755 297; x_wconf 85' lang='lat' dir='ltr'>tandem</span> <span class='ocrx_word' id='word_1_17' title='bbox 785 259 827 296; x_wconf 90' lang='lat' dir='ltr'>ui</span> <span class='ocrx_word' id='word_1_18' title='bbox 855 260 977 308; x_wconf 82' lang='lat' dir='ltr'>atque</span> <span class='ocrx_word' id='word_1_19' title='bbox 1004 259 1132 297; x_wconf 89' lang='lat' dir='ltr'>armis</span> <span class='ocrx_word' id='word_1_20' title='bbox 1162 260 1383 309; x_wconf 76' lang='lat' dir='ltr'>Syracusas</span> <span class='ocrx_word' id='word_1_21' title='bbox 1412 259 1512 308; x_wconf 85' lang='lat' dir='ltr'>cepi.</span> 
     </span>
     <span class='ocr_line' id='line_1_4' title="bbox 118 323 1548 374; baseline -0.001 -14"><span class='ocrx_word' id='word_1_22' title='bbox 118 336 221 372; x_wconf 86' lang='lat' dir='ltr'>quae</span> <span class='ocrx_word' id='word_1_23' title='bbox 241 324 369 373; x_wconf 85' lang='lat' dir='ltr'>captis</span> <span class='ocrx_word' id='word_1_24' title='bbox 396 323 631 371; x_wconf 88' lang='lat' dir='ltr'>acciderint,</span> <span class='ocrx_word' id='word_1_25' title='bbox 656 324 764 373; x_wconf 87' lang='lat' dir='ltr'>apud</span> <span class='ocrx_word' id='word_1_26' title='bbox 786 323 1070 361; x_wconf 88' lang='lat' dir='ltr'>Hannibalem</span> <span class='ocrx_word' id='word_1_27' title='bbox 1090 325 1131 361; x_wconf 91' lang='lat' dir='ltr'>et</span> <span class='ocrx_word' id='word_1_28' title='bbox 1153 324 1514 374; x_wconf 78' lang='lat' dir='ltr'>Carthaginienses</span> <span class='ocrx_word' id='word_1_29' title='bbox 1531 332 1548 359; x_wconf 83' lang='lat'>8</span> 
     </span>
     <span class='ocr_line' id='line_1_5' title="bbox 117 388 1515 438; baseline 0.001 -13"><span class='ocrx_word' id='word_1_30' title='bbox 117 388 247 428; x_wconf 89' lang='lat' dir='ltr'>uictos</span> <span class='ocrx_word' id='word_1_31' title='bbox 281 389 430 428; x_wconf 87' lang='lat' dir='ltr'>iustius</span> <span class='ocrx_word' id='word_1_32' title='bbox 463 402 587 438; x_wconf 86' lang='lat' dir='ltr'>quam</span> <span class='ocrx_word' id='word_1_33' title='bbox 621 388 727 438; x_wconf 86' lang='lat' dir='ltr'>apud</span> <span class='ocrx_word' id='word_1_34' title='bbox 761 388 929 426; x_wconf 89' lang='lat' dir='ltr'>uictoris</span> <span class='ocrx_word' id='word_1_35' title='bbox 966 388 1109 438; x_wconf 88' lang='lat' dir='ltr'>populi</span> <span class='ocrx_word' id='word_1_36' title='bbox 1147 390 1339 427; x_wconf 81' lang='lat' dir='ltr'>senatum</span> <span class='ocrx_word' id='word_1_37' title='bbox 1378 402 1515 438; x_wconf 87' lang='lat' dir='ltr'>quere·</span> 
     </span>
     <span class='ocr_line' id='line_1_6' title="bbox 117 454 1549 505; baseline 0.001 -15"><span class='ocrx_word' id='word_1_38' title='bbox 117 456 272 494; x_wconf 89' lang='lat' dir='ltr'>rentur.</span> <span class='ocrx_word' id='word_1_39' title='bbox 332 468 416 503; x_wconf 87' lang='lat' dir='ltr'>ego,</span> <span class='ocrx_word' id='word_1_40' title='bbox 438 456 574 504; x_wconf 90' lang='lat' dir='ltr'>patres</span> <span class='ocrx_word' id='word_1_41' title='bbox 603 454 833 504; x_wconf 88' lang='lat' dir='ltr'>conscripti,</span> <span class='ocrx_word' id='word_1_42' title='bbox 863 455 1084 504; x_wconf 77' lang='lat' dir='ltr'>Syracusas</span> <span class='ocrx_word' id='word_1_43' title='bbox 1111 454 1310 504; x_wconf 90' lang='lat' dir='ltr'>spoliatas</span> <span class='ocrx_word' id='word_1_44' title='bbox 1333 455 1368 493; x_wconf 89' lang='lat' dir='ltr'>si</span> <span class='ocrx_word' id='word_1_45' title='bbox 1397 468 1514 505; x_wconf 87' lang='lat' dir='ltr'>nega·</span> <span class='ocrx_word' id='word_1_46' title='bbox 1531 463 1549 491; x_wconf 83' lang='lat'><em>9</em></span> 
     </span>
     <span class='ocr_line' id='line_1_7' title="bbox 115 519 1513 570; baseline 0.001 -13"><span class='ocrx_word' id='word_1_47' title='bbox 115 521 234 558; x_wconf 87' lang='lat' dir='ltr'>turus</span> <span class='ocrx_word' id='word_1_48' title='bbox 253 533 396 568; x_wconf 88' lang='lat' dir='ltr'>essem,</span> <span class='ocrx_word' id='word_1_49' title='bbox 417 533 645 570; x_wconf 82' lang='lat' dir='ltr'>numquam</span> <span class='ocrx_word' id='word_1_50' title='bbox 665 519 808 570; x_wconf 86' lang='lat' dir='ltr'>spoliis</span> <span class='ocrx_word' id='word_1_51' title='bbox 827 533 969 558; x_wconf 87' lang='lat' dir='ltr'>earum</span> <span class='ocrx_word' id='word_1_52' title='bbox 991 519 1134 558; x_wconf 87' lang='lat' dir='ltr'>urbem</span> <span class='ocrx_word' id='word_1_53' title='bbox 1156 520 1330 558; x_wconf 85' lang='lat' dir='ltr'>Romam</span> <span class='ocrx_word' id='word_1_54' title='bbox 1348 533 1513 558; x_wconf 82' lang='lat' dir='ltr'>exorna-</span> 
     </span>
     <span class='ocr_line' id='line_1_8' title="bbox 116 586 1510 636; baseline 0.001 -13"><span class='ocrx_word' id='word_1_55' title='bbox 116 599 213 624; x_wconf 91' lang='lat' dir='ltr'>rem.</span> <span class='ocrx_word' id='word_1_56' title='bbox 273 599 374 635; x_wconf 88' lang='lat' dir='ltr'>quae</span> <span class='ocrx_word' id='word_1_57' title='bbox 394 588 532 624; x_wconf 84' lang='lat' dir='ltr'>autem</span> <span class='ocrx_word' id='word_1_58' title='bbox 560 586 737 636; x_wconf 83' lang='lat' dir='ltr'>singulis</span> <span class='ocrx_word' id='word_1_59' title='bbox 764 586 897 625; x_wconf 86' lang='lat' dir='ltr'>uictor</span> <span class='ocrx_word' id='word_1_60' title='bbox 922 588 995 624; x_wconf 88' lang='lat' dir='ltr'>aut</span> <span class='ocrx_word' id='word_1_61' title='bbox 1024 586 1158 624; x_wconf 85' lang='lat' dir='ltr'>ademi</span> <span class='ocrx_word' id='word_1_62' title='bbox 1185 588 1255 625; x_wconf 86' lang='lat' dir='ltr'>aut</span> <span class='ocrx_word' id='word_1_63' title='bbox 1282 586 1390 634; x_wconf 88' lang='lat' dir='ltr'>dedi,</span> <span class='ocrx_word' id='word_1_64' title='bbox 1417 600 1510 624; x_wconf 91' lang='lat' dir='ltr'>cum</span> 
     </span>
     <span class='ocr_line' id='line_1_9' title="bbox 116 651 1507 701; baseline 0.002 -12"><span class='ocrx_word' id='word_1_65' title='bbox 116 651 212 690; x_wconf 85' lang='lat' dir='ltr'>belli</span> <span class='ocrx_word' id='word_1_66' title='bbox 255 652 342 690; x_wconf 91' lang='lat' dir='ltr'>iure</span> <span class='ocrx_word' id='word_1_67' title='bbox 383 654 473 690; x_wconf 85' lang='lat' dir='ltr'>tum</span> <span class='ocrx_word' id='word_1_68' title='bbox 513 665 562 689; x_wconf 79' lang='lat' dir='ltr'>ex</span> <span class='ocrx_word' id='word_1_69' title='bbox 594 652 793 701; x_wconf 84' lang='lat' dir='ltr'>cuiusque</span> <span class='ocrx_word' id='word_1_70' title='bbox 825 652 973 690; x_wconf 88' lang='lat' dir='ltr'>merito</span> <span class='ocrx_word' id='word_1_71' title='bbox 1003 652 1103 689; x_wconf 85' lang='lat' dir='ltr'>satis</span> <span class='ocrx_word' id='word_1_72' title='bbox 1136 652 1220 690; x_wconf 84' lang='lat' dir='ltr'>scio</span> <span class='ocrx_word' id='word_1_73' title='bbox 1254 665 1320 690; x_wconf 91' lang='lat' dir='ltr'>me</span> <span class='ocrx_word' id='word_1_74' title='bbox 1354 652 1507 692; x_wconf 89' lang='lat' dir='ltr'>fecisse.</span> 
     </span>
     <span class='ocr_line' id='line_1_10' title="bbox 114 717 1564 767; baseline -0.001 -13"><span class='ocrx_word' id='word_1_75' title='bbox 114 730 161 755; x_wconf 91' lang='lat' dir='ltr'>ea</span> <span class='ocrx_word' id='word_1_76' title='bbox 198 730 272 755; x_wconf 91' lang='lat' dir='ltr'>uos</span> <span class='ocrx_word' id='word_1_77' title='bbox 301 719 388 755; x_wconf 83' lang='lat' dir='ltr'>rata</span> <span class='ocrx_word' id='word_1_78' title='bbox 425 717 621 762; x_wconf 87' lang='lat' dir='ltr'>habeatis,</span> <span class='ocrx_word' id='word_1_79' title='bbox 663 719 799 767; x_wconf 86' lang='lat' dir='ltr'>patres</span> <span class='ocrx_word' id='word_1_80' title='bbox 838 717 1067 766; x_wconf 79' lang='lat' dir='ltr'>conscripti,</span> <span class='ocrx_word' id='word_1_81' title='bbox 1104 730 1243 762; x_wconf 89' lang='lat' dir='ltr'>necne,</span> <span class='ocrx_word' id='word_1_82' title='bbox 1286 718 1419 767; x_wconf 87' lang='lat' dir='ltr'>magis</span> <span class='ocrx_word' id='word_1_83' title='bbox 1452 718 1510 755; x_wconf 92' lang='lat' dir='ltr'>rei</span> <span class='ocrx_word' id='word_1_84' title='bbox 1533 725 1564 753; x_wconf 83' lang='lat'>10</span> 
     </span>
     <span class='ocr_line' id='line_1_11' title="bbox 114 783 1513 833; baseline 0.001 -14"><span class='ocrx_word' id='word_1_85' title='bbox 114 783 299 832; x_wconf 89' lang='lat' dir='ltr'>publicae</span> <span class='ocrx_word' id='word_1_86' title='bbox 338 784 509 821; x_wconf 89' lang='lat' dir='ltr'>interest</span> <span class='ocrx_word' id='word_1_87' title='bbox 548 796 669 832; x_wconf 84' lang='lat' dir='ltr'>quam</span> <span class='ocrx_word' id='word_1_88' title='bbox 709 797 809 821; x_wconf 87' lang='lat' dir='ltr'>mea.</span> <span class='ocrx_word' id='word_1_89' title='bbox 880 783 1029 833; x_wconf 78' lang='lat' dir='ltr'>quippe</span> <span class='ocrx_word' id='word_1_90' title='bbox 1060 796 1152 820; x_wconf 89' lang='lat' dir='ltr'>mea</span> <span class='ocrx_word' id='word_1_91' title='bbox 1190 783 1291 821; x_wconf 87' lang='lat' dir='ltr'>fides</span> <span class='ocrx_word' id='word_1_92' title='bbox 1327 783 1513 821; x_wconf 81' lang='lat' dir='ltr'>exsoluta</span> 
     </span>
     <span class='ocr_line' id='line_1_12' title="bbox 115 848 1512 899; baseline 0 -13"><span class='ocrx_word' id='word_1_93' title='bbox 115 850 178 887; x_wconf 92' lang='lat' dir='ltr'>est</span> <span class='ocrx_word' id='word_1_94' title='bbox 193 863 202 896; x_wconf 87' lang='lat'>;</span> <span class='ocrx_word' id='word_1_95' title='bbox 231 849 280 887; x_wconf 86' lang='lat' dir='ltr'>ad</span> <span class='ocrx_word' id='word_1_96' title='bbox 302 862 389 887; x_wconf 91' lang='lat' dir='ltr'>rem</span> <span class='ocrx_word' id='word_1_97' title='bbox 402 849 609 899; x_wconf 78' lang='lat' dir='ltr'>publicam</span> <span class='ocrx_word' id='word_1_98' title='bbox 631 849 821 898; x_wconf 74' lang='lat' dir='ltr'>pertinet,</span> <span class='ocrx_word' id='word_1_99' title='bbox 839 862 889 886; x_wconf 91' lang='grc'>119</span> <span class='ocrx_word' id='word_1_100' title='bbox 908 850 997 887; x_wconf 88' lang='lat' dir='ltr'>acta</span> <span class='ocrx_word' id='word_1_101' title='bbox 1018 862 1109 887; x_wconf 91' lang='lat' dir='ltr'>mea</span> <span class='ocrx_word' id='word_1_102' title='bbox 1127 848 1396 887; x_wconf 87' lang='lat' dir='ltr'>rescindendo</span> <span class='ocrx_word' id='word_1_103' title='bbox 1409 849 1512 888; x_wconf 87' lang='lat' dir='ltr'>alios</span> 
     </span>
     <span class='ocr_line' id='line_1_13' title="bbox 115 914 1562 964; baseline -0.001 -12"><span class='ocrx_word' id='word_1_104' title='bbox 115 915 156 952; x_wconf 94' lang='grc'>111</span> <span class='ocrx_word' id='word_1_105' title='bbox 194 917 403 964; x_wconf 79' lang='lat' dir='ltr'>posterum</span> <span class='ocrx_word' id='word_1_106' title='bbox 436 915 645 964; x_wconf 86' lang='lat' dir='ltr'>segniores</span> <span class='ocrx_word' id='word_1_107' title='bbox 679 914 801 953; x_wconf 79' lang='lat' dir='ltr'>(luces</span> <span class='ocrx_word' id='word_1_108' title='bbox 840 915 1008 952; x_wconf 82' lang='lat' dir='ltr'>faciatis.</span> <span class='ocrx_word' id='word_1_109' title='bbox 1066 916 1107 952; x_wconf 92' lang='lat' dir='ltr'>et</span> <span class='ocrx_word' id='word_1_110' title='bbox 1147 915 1341 963; x_wconf 86' lang='lat' dir='ltr'>quoniam</span> <span class='ocrx_word' id='word_1_111' title='bbox 1374 928 1509 953; x_wconf 83' lang='lat' dir='ltr'>coram</span> <span class='ocrx_word' id='word_1_112' title='bbox 1530 923 1562 951; x_wconf 90' lang='lat'>11</span> 
     </span>
     <span class='ocr_line' id='line_1_14' title="bbox 112 979 1509 1030; baseline 0.001 -14"><span class='ocrx_word' id='word_1_113' title='bbox 112 982 151 1017; x_wconf 90' lang='lat' dir='ltr'>et</span> <span class='ocrx_word' id='word_1_114' title='bbox 173 980 405 1018; x_wconf 82' lang='lat' dir='ltr'>Siculorum</span> <span class='ocrx_word' id='word_1_115' title='bbox 426 982 466 1017; x_wconf 89' lang='lat' dir='ltr'>et</span> <span class='ocrx_word' id='word_1_116' title='bbox 487 993 576 1018; x_wconf 86' lang='lat' dir='ltr'>mea</span> <span class='ocrx_word' id='word_1_117' title='bbox 607 980 730 1018; x_wconf 90' lang='lat' dir='ltr'>uerba</span> <span class='ocrx_word' id='word_1_118' title='bbox 757 979 942 1026; x_wconf 82' lang='lat' dir='ltr'>audistis,</span> <span class='ocrx_word' id='word_1_119' title='bbox 967 981 1102 1028; x_wconf 85' lang='lat' dir='ltr'>patres</span> <span class='ocrx_word' id='word_1_120' title='bbox 1129 980 1365 1030; x_wconf 76' lang='lat' dir='ltr'>conscripti,</span> <span class='ocrx_word' id='word_1_121' title='bbox 1385 981 1509 1018; x_wconf 90' lang='lat' dir='ltr'>simul</span> 
     </span>
     <span class='ocr_line' id='line_1_15' title="bbox 112 1045 1511 1094; baseline 0 -11"><span class='ocrx_word' id='word_1_122' title='bbox 112 1045 269 1094; x_wconf 81' lang='lat' dir='ltr'>templo</span> <span class='ocrx_word' id='word_1_123' title='bbox 298 1045 550 1091; x_wconf 79' lang='lat' dir='ltr'>excedemus,</span> <span class='ocrx_word' id='word_1_124' title='bbox 585 1047 627 1083; x_wconf 90' lang='lat' dir='ltr'>ut</span> <span class='ocrx_word' id='word_1_125' title='bbox 658 1058 724 1082; x_wconf 88' lang='lat' dir='ltr'>me</span> <span class='ocrx_word' id='word_1_126' title='bbox 754 1045 924 1083; x_wconf 81' lang='lat' dir='ltr'>absente</span> <span class='ocrx_word' id='word_1_127' title='bbox 954 1045 1124 1082; x_wconf 67' lang='lat' dir='ltr'>liberius</span> <span class='ocrx_word' id='word_1_128' title='bbox 1154 1045 1312 1083; x_wconf 71' lang='lat' dir='ltr'>consuli</span> <span class='ocrx_word' id='word_1_129' title='bbox 1344 1049 1511 1084; x_wconf 85' lang='lat' dir='ltr'>senatus</span> 
     </span>
     <span class='ocr_line' id='line_1_16' title="bbox 111 1110 1507 1160; baseline 0.001 -13"><span class='ocrx_word' id='word_1_130' title='bbox 111 1110 266 1159; x_wconf 86' lang='lat' dir='ltr'>possit.’</span> <span class='ocrx_word' id='word_1_131' title='bbox 323 1111 378 1149; x_wconf 87' lang='lat' dir='ltr'>ita</span> <span class='ocrx_word' id='word_1_132' title='bbox 398 1111 558 1149; x_wconf 86' lang='lat' dir='ltr'>dimissi</span> <span class='ocrx_word' id='word_1_133' title='bbox 580 1110 720 1159; x_wconf 74' lang='lat' dir='ltr'>Siculi,</span> <span class='ocrx_word' id='word_1_134' title='bbox 742 1114 781 1149; x_wconf 89' lang='lat' dir='ltr'>et</span> <span class='ocrx_word' id='word_1_135' title='bbox 804 1111 888 1160; x_wconf 82' lang='lat' dir='ltr'>ipse</span> <span class='ocrx_word' id='word_1_136' title='bbox 911 1111 950 1148; x_wconf 93' lang='grc'>111</span> <span class='ocrx_word' id='word_1_137' title='bbox 969 1110 1219 1160; x_wconf 81' lang='lat' dir='ltr'>Capitolium</span> <span class='ocrx_word' id='word_1_138' title='bbox 1240 1111 1290 1149; x_wconf 89' lang='lat' dir='ltr'>ad</span> <span class='ocrx_word' id='word_1_139' title='bbox 1311 1111 1507 1149; x_wconf 83' lang='lat' dir='ltr'>dilectum</span> 
     </span>
     <span class='ocr_line' id='line_1_17' title="bbox 110 1175 1540 1225; baseline 0 -12"><span class='ocrx_word' id='word_1_140' title='bbox 110 1175 308 1214; x_wconf 81' lang='lat' dir='ltr'>discessit.</span> <span class='ocrx_word' id='word_1_141' title='bbox 379 1176 565 1216; x_wconf 85' lang='lat' dir='ltr'>XXXII.</span> <span class='ocrx_word' id='word_1_142' title='bbox 616 1176 759 1214; x_wconf 82' lang='lat' dir='ltr'>consul</span> <span class='ocrx_word' id='word_1_143' title='bbox 798 1176 902 1214; x_wconf 87' lang='lat' dir='ltr'>alter</span> <span class='ocrx_word' id='word_1_144' title='bbox 934 1176 982 1213; x_wconf 85' lang='lat' dir='ltr'>de</span> <span class='ocrx_word' id='word_1_145' title='bbox 1017 1176 1237 1225; x_wconf 88' lang='lat' dir='ltr'>postulatis</span> <span class='ocrx_word' id='word_1_146' title='bbox 1275 1177 1540 1215; x_wconf 78' lang='lat' dir='ltr'>Siculoruml</span> 
     </span>
     <span class='ocr_line' id='line_1_18' title="bbox 108 1242 1504 1291; baseline 0.001 -12"><span class='ocrx_word' id='word_1_147' title='bbox 108 1242 156 1279; x_wconf 87' lang='lat' dir='ltr'>ad</span> <span class='ocrx_word' id='word_1_148' title='bbox 189 1244 322 1290; x_wconf 85' lang='lat' dir='ltr'>patres</span> <span class='ocrx_word' id='word_1_149' title='bbox 351 1242 520 1280; x_wconf 88' lang='lat' dir='ltr'>rettulit.</span> <span class='ocrx_word' id='word_1_150' title='bbox 584 1242 636 1279; x_wconf 89' lang='lat' dir='ltr'>ibi</span> <span class='ocrx_word' id='word_1_151' title='bbox 671 1255 764 1280; x_wconf 85' lang='lat' dir='ltr'>cum</span> <span class='ocrx_word' id='word_1_152' title='bbox 797 1242 868 1280; x_wconf 90' lang='lat' dir='ltr'>diu</span> <span class='ocrx_word' id='word_1_153' title='bbox 903 1242 1120 1279; x_wconf 81' lang='lat' dir='ltr'>sententiis</span> <span class='ocrx_word' id='word_1_154' title='bbox 1151 1244 1354 1280; x_wconf 84' lang='lat' dir='ltr'>certatum</span> <span class='ocrx_word' id='word_1_155' title='bbox 1387 1246 1504 1291; x_wconf 87' lang='lat' dir='ltr'>esset,</span> 
     </span>
     <span class='ocr_line' id='line_1_19' title="bbox 109 1307 1508 1357; baseline 0.001 -13"><span class='ocrx_word' id='word_1_156' title='bbox 109 1311 149 1345; x_wconf 91' lang='lat' dir='ltr'>et</span> <span class='ocrx_word' id='word_1_157' title='bbox 182 1321 328 1357; x_wconf 83' lang='lat' dir='ltr'>magna</span> <span class='ocrx_word' id='word_1_158' title='bbox 358 1321 451 1357; x_wconf 86' lang='lat' dir='ltr'>pars</span> <span class='ocrx_word' id='word_1_159' title='bbox 480 1310 655 1354; x_wconf 82' lang='lat' dir='ltr'>senatus,</span> <span class='ocrx_word' id='word_1_160' title='bbox 690 1308 877 1357; x_wconf 85' lang='lat' dir='ltr'>principe</span> <span class='ocrx_word' id='word_1_161' title='bbox 905 1308 993 1345; x_wconf 88' lang='lat' dir='ltr'>eius</span> <span class='ocrx_word' id='word_1_162' title='bbox 1022 1308 1251 1345; x_wconf 85' lang='lat' dir='ltr'>sententiae</span> <span class='ocrx_word' id='word_1_163' title='bbox 1274 1308 1317 1346; x_wconf 88' lang='lat' dir='ltr'>T.</span> <span class='ocrx_word' id='word_1_164' title='bbox 1352 1307 1508 1347; x_wconf 87' lang='lat' dir='ltr'>Manlio</span> 
     </span>
     <span class='ocr_line' id='line_1_20' title="bbox 109 1373 1542 1423; baseline 0.001 -13"><span class='ocrx_word' id='word_1_165' title='bbox 109 1373 324 1422; x_wconf 83' lang='lat' dir='ltr'>Torquato,</span> <span class='ocrx_word' id='word_1_166' title='bbox 358 1386 451 1411; x_wconf 88' lang='lat' dir='ltr'>cum</span> <span class='ocrx_word' id='word_1_167' title='bbox 480 1374 671 1422; x_wconf 82' lang='lat' dir='ltr'>tyrannis</span> <span class='ocrx_word' id='word_1_168' title='bbox 700 1373 855 1410; x_wconf 87' lang='lat' dir='ltr'>bellum</span> <span class='ocrx_word' id='word_1_169' title='bbox 886 1373 1111 1423; x_wconf 80' lang='lat' dir='ltr'>gerendum</span> <span class='ocrx_word' id='word_1_170' title='bbox 1133 1373 1259 1411; x_wconf 83' lang='lat' dir='ltr'>fuisse</span> <span class='ocrx_word' id='word_1_171' title='bbox 1280 1376 1503 1420; x_wconf 84' lang='lat' dir='ltr'>censerent,</span> <span class='ocrx_word' id='word_1_172' title='bbox 1525 1382 1542 1412; x_wconf 73' lang='lat'>2</span> 
     </span>
     <span class='ocr_line' id='line_1_21' title="bbox 108 1438 1507 1487; baseline 0.001 -11"><span class='ocrx_word' id='word_1_173' title='bbox 108 1438 299 1477; x_wconf 80' lang='lat' dir='ltr'>hostibus</span> <span class='ocrx_word' id='word_1_174' title='bbox 337 1440 377 1476; x_wconf 90' lang='lat' dir='ltr'>et</span> <span class='ocrx_word' id='word_1_175' title='bbox 416 1440 769 1487; x_wconf 74' lang='lat' dir='ltr'>Syracusanorum</span> <span class='ocrx_word' id='word_1_176' title='bbox 810 1441 850 1476; x_wconf 83' lang='lat' dir='ltr'>et</span> <span class='ocrx_word' id='word_1_177' title='bbox 888 1439 1027 1487; x_wconf 89' lang='lat' dir='ltr'>populi</span> <span class='ocrx_word' id='word_1_178' title='bbox 1066 1439 1252 1486; x_wconf 87' lang='lat' dir='ltr'>Romani,</span> <span class='ocrx_word' id='word_1_179' title='bbox 1290 1441 1329 1477; x_wconf 92' lang='lat' dir='ltr'>et</span> <span class='ocrx_word' id='word_1_180' title='bbox 1364 1440 1507 1478; x_wconf 84' lang='lat' dir='ltr'>urbem</span> 
     </span>
     <span class='ocr_line' id='line_1_22' title="bbox 110 1504 1506 1554; baseline 0.001 -13"><span class='ocrx_word' id='word_1_181' title='bbox 110 1504 245 1553; x_wconf 85' lang='lat' dir='ltr'>recipi,</span> <span class='ocrx_word' id='word_1_182' title='bbox 290 1517 371 1542; x_wconf 92' lang='lat' dir='ltr'>non</span> <span class='ocrx_word' id='word_1_183' title='bbox 405 1504 506 1553; x_wconf 86' lang='lat' dir='ltr'>capi,</span> <span class='ocrx_word' id='word_1_184' title='bbox 540 1506 581 1542; x_wconf 86' lang='lat' dir='ltr'>et</span> <span class='ocrx_word' id='word_1_185' title='bbox 612 1505 815 1554; x_wconf 82' lang='lat' dir='ltr'>receptam</span> <span class='ocrx_word' id='word_1_186' title='bbox 846 1504 1005 1553; x_wconf 78' lang='lat' dir='ltr'>legibus</span> <span class='ocrx_word' id='word_1_187' title='bbox 1038 1504 1221 1552; x_wconf 77' lang='lat' dir='ltr'>antiquis</span> <span class='ocrx_word' id='word_1_188' title='bbox 1250 1507 1291 1542; x_wconf 90' lang='lat' dir='ltr'>et</span> <span class='ocrx_word' id='word_1_189' title='bbox 1320 1504 1506 1544; x_wconf 88' lang='lat' dir='ltr'>libertate</span> 
     </span>
     <span class='ocr_line' id='line_1_23' title="bbox 108 1568 1541 1619; baseline 0.002 -13"><span class='ocrx_word' id='word_1_190' title='bbox 108 1569 293 1617; x_wconf 89' lang='lat' dir='ltr'>stabiliri,</span> <span class='ocrx_word' id='word_1_191' title='bbox 317 1583 399 1608; x_wconf 90' lang='lat' dir='ltr'>non</span> <span class='ocrx_word' id='word_1_192' title='bbox 420 1571 567 1609; x_wconf 86' lang='lat' dir='ltr'>fessam</span> <span class='ocrx_word' id='word_1_193' title='bbox 590 1568 821 1607; x_wconf 86' lang='lat' dir='ltr'>miseranda</span> <span class='ocrx_word' id='word_1_194' title='bbox 845 1570 1044 1607; x_wconf 86' lang='lat' dir='ltr'>seruitute</span> <span class='ocrx_word' id='word_1_195' title='bbox 1074 1569 1180 1607; x_wconf 86' lang='lat' dir='ltr'>bello</span> <span class='ocrx_word' id='word_1_196' title='bbox 1199 1569 1338 1619; x_wconf 73' lang='lat' dir='ltr'>adfligi</span> <span class='ocrx_word' id='word_1_197' title='bbox 1361 1585 1369 1609; x_wconf 79' lang='lat' dir='ltr'>z</span> <span class='ocrx_word' id='word_1_198' title='bbox 1400 1571 1541 1609; x_wconf 71' lang='lat' dir='ltr'>inter-‘3</span> 
     </span>
     <span class='ocr_line' id='line_1_24' title="bbox 107 1635 1506 1684; baseline 0.003 -13"><span class='ocrx_word' id='word_1_199' title='bbox 107 1636 379 1683; x_wconf 75' lang='lat' dir='ltr'>tyrannorum</span> <span class='ocrx_word' id='word_1_200' title='bbox 409 1638 448 1674; x_wconf 90' lang='lat' dir='ltr'>et</span> <span class='ocrx_word' id='word_1_201' title='bbox 473 1636 588 1673; x_wconf 85' lang='lat' dir='ltr'>ducis</span> <span class='ocrx_word' id='word_1_202' title='bbox 616 1635 791 1673; x_wconf 85' lang='lat' dir='ltr'>Romani</span> <span class='ocrx_word' id='word_1_203' title='bbox 822 1635 1043 1672; x_wconf 86' lang='lat' dir='ltr'>certamina</span> <span class='ocrx_word' id='word_1_204' title='bbox 1073 1636 1305 1684; x_wconf 86' lang='lat' dir='ltr'>praemium</span> <span class='ocrx_word' id='word_1_205' title='bbox 1338 1637 1506 1676; x_wconf 88' lang='lat' dir='ltr'>uictoris</span> 
     </span>
     <span class='ocr_line' id='line_1_25' title="bbox 108 1700 1502 1750; baseline 0.002 -13"><span class='ocrx_word' id='word_1_206' title='bbox 108 1700 150 1737; x_wconf 91' lang='grc'>111</span> <span class='ocrx_word' id='word_1_207' title='bbox 190 1701 326 1738; x_wconf 90' lang='lat' dir='ltr'>medio</span> <span class='ocrx_word' id='word_1_208' title='bbox 364 1701 540 1750; x_wconf 84' lang='lat' dir='ltr'>positam</span> <span class='ocrx_word' id='word_1_209' title='bbox 580 1700 722 1738; x_wconf 79' lang='lat' dir='ltr'>urbem</span> <span class='ocrx_word' id='word_1_210' title='bbox 756 1700 1076 1750; x_wconf 82' lang='lat' dir='ltr'>pulcherrimam</span> <span class='ocrx_word' id='word_1_211' title='bbox 1116 1713 1161 1737; x_wconf 84' lang='lat' dir='ltr'>ac</span> <span class='ocrx_word' id='word_1_212' title='bbox 1201 1701 1502 1740; x_wconf 83' lang='lat' dir='ltr'>nobilissimam</span> 
     </span>
     <span class='ocr_line' id='line_1_26' title="bbox 106 1766 1501 1816; baseline 0.003 -15"><span class='ocrx_word' id='word_1_213' title='bbox 106 1766 268 1814; x_wconf 85' lang='lat' dir='ltr'>perisse,</span> <span class='ocrx_word' id='word_1_214' title='bbox 296 1766 489 1803; x_wconf 90' lang='lat' dir='ltr'>horreum</span> <span class='ocrx_word' id='word_1_215' title='bbox 514 1768 636 1814; x_wconf 73' lang='lat' dir='ltr'>atque</span> <span class='ocrx_word' id='word_1_216' title='bbox 667 1766 870 1803; x_wconf 82' lang='lat' dir='ltr'>aerarium</span> <span class='ocrx_word' id='word_1_217' title='bbox 901 1766 1105 1816; x_wconf 87' lang='lat' dir='ltr'>quondam</span> <span class='ocrx_word' id='word_1_218' title='bbox 1138 1767 1278 1816; x_wconf 84' lang='lat' dir='ltr'>populi</span> <span class='ocrx_word' id='word_1_219' title='bbox 1315 1767 1501 1808; x_wconf 80' lang='lat' dir='ltr'>Romani.</span> 
     </span>
     <span class='ocr_line' id='line_1_27' title="bbox 111 1831 1504 1880; baseline 0.002 -13"><span class='ocrx_word' id='word_1_220' title='bbox 111 1831 227 1868; x_wconf 88' lang='lat' dir='ltr'>cuius</span> <span class='ocrx_word' id='word_1_221' title='bbox 248 1831 530 1869; x_wconf 81' lang='lat' dir='ltr'>munificentia</span> <span class='ocrx_word' id='word_1_222' title='bbox 550 1845 595 1870; x_wconf 89' lang='lat' dir='ltr'>ac</span> <span class='ocrx_word' id='word_1_223' title='bbox 617 1831 736 1868; x_wconf 77' lang='lat' dir='ltr'>donis</span> <span class='ocrx_word' id='word_1_224' title='bbox 757 1831 903 1869; x_wconf 80' lang='lat' dir='ltr'>multis</span> <span class='ocrx_word' id='word_1_225' title='bbox 929 1832 1257 1880; x_wconf 80' lang='lat' dir='ltr'>tempestatibus,</span> <span class='ocrx_word' id='word_1_226' title='bbox 1291 1832 1365 1869; x_wconf 80' lang='lat' dir='ltr'>hoc</span> <span class='ocrx_word' id='word_1_227' title='bbox 1394 1833 1504 1870; x_wconf 88' lang='grc'>(19111-</span> 
     </span>
     <span class='ocr_line' id='line_1_28' title="bbox 106 1896 1499 1946; baseline 0.004 -15"><span class='ocrx_word' id='word_1_228' title='bbox 106 1909 184 1945; x_wconf 83' lang='lat' dir='ltr'>que</span> <span class='ocrx_word' id='word_1_229' title='bbox 216 1896 301 1945; x_wconf 88' lang='lat' dir='ltr'>ipso</span> <span class='ocrx_word' id='word_1_230' title='bbox 336 1897 494 1934; x_wconf 90' lang='lat' dir='ltr'>Punico</span> <span class='ocrx_word' id='word_1_231' title='bbox 524 1896 630 1934; x_wconf 87' lang='lat' dir='ltr'>bello</span> <span class='ocrx_word' id='word_1_232' title='bbox 664 1897 804 1935; x_wconf 72' lang='lat' dir='ltr'>adulta</span> <span class='ocrx_word' id='word_1_233' title='bbox 838 1898 1058 1946; x_wconf 81' lang='lat' dir='ltr'>ornataque</span> <span class='ocrx_word' id='word_1_234' title='bbox 1091 1910 1152 1934; x_wconf 86' lang='lat' dir='ltr'>res</span> <span class='ocrx_word' id='word_1_235' title='bbox 1185 1897 1349 1946; x_wconf 85' lang='lat' dir='ltr'>publica</span> <span class='ocrx_word' id='word_1_236' title='bbox 1381 1901 1499 1936; x_wconf 78' lang='lat' dir='ltr'>esset.</span> 
     </span>
     <span class='ocr_line' id='line_1_29' title="bbox 105 1960 1537 2011; baseline 0.002 -13"><span class='ocrx_word' id='word_1_237' title='bbox 105 1961 137 1998; x_wconf 88' lang='lat' dir='ltr'>si</span> <span class='ocrx_word' id='word_1_238' title='bbox 170 1961 220 1999; x_wconf 83' lang='lat' dir='ltr'>ab</span> <span class='ocrx_word' id='word_1_239' title='bbox 252 1960 395 1998; x_wconf 87' lang='lat' dir='ltr'>inferis</span> <span class='ocrx_word' id='word_1_240' title='bbox 423 1962 572 2000; x_wconf 82' lang='lat' dir='ltr'>existat</span> <span class='ocrx_word' id='word_1_241' title='bbox 606 1975 676 1998; x_wconf 85' lang='lat' dir='ltr'>rex</span> <span class='ocrx_word' id='word_1_242' title='bbox 712 1961 852 2009; x_wconf 88' lang='lat' dir='ltr'>Hiero,</span> <span class='ocrx_word' id='word_1_243' title='bbox 887 1962 1114 2000; x_wconf 88' lang='lat' dir='ltr'>fidissimus</span> <span class='ocrx_word' id='word_1_244' title='bbox 1145 1963 1292 2011; x_wconf 87' lang='lat' dir='ltr'>imperi</span> <span class='ocrx_word' id='word_1_245' title='bbox 1327 1963 1537 2002; x_wconf 53' lang='lat' dir='ltr'>Romanu</span> 
     </span>
     <span class='ocr_line' id='line_1_30' title="bbox 106 2026 1498 2078; baseline 0.002 -15"><span class='ocrx_word' id='word_1_246' title='bbox 106 2026 252 2075; x_wconf 90' lang='lat' dir='ltr'>cultor,</span> <span class='ocrx_word' id='word_1_247' title='bbox 276 2039 355 2075; x_wconf 78' lang='lat' dir='ltr'>quo</span> <span class='ocrx_word' id='word_1_248' title='bbox 377 2040 444 2064; x_wconf 88' lang='lat' dir='ltr'>ore</span> <span class='ocrx_word' id='word_1_249' title='bbox 465 2029 533 2065; x_wconf 89' lang='lat' dir='ltr'>aut</span> <span class='ocrx_word' id='word_1_250' title='bbox 561 2027 781 2077; x_wconf 85' lang='lat' dir='ltr'>Syracusas</span> <span class='ocrx_word' id='word_1_251' title='bbox 808 2029 877 2066; x_wconf 88' lang='lat' dir='ltr'>aut</span> <span class='ocrx_word' id='word_1_252' title='bbox 909 2028 1084 2065; x_wconf 87' lang='lat' dir='ltr'>Romam</span> <span class='ocrx_word' id='word_1_253' title='bbox 1115 2028 1149 2065; x_wconf 92' lang='lat' dir='ltr'>ei</span> <span class='ocrx_word' id='word_1_254' title='bbox 1179 2028 1338 2065; x_wconf 88' lang='lat' dir='ltr'>ostendi</span> <span class='ocrx_word' id='word_1_255' title='bbox 1368 2042 1498 2078; x_wconf 87' lang='lat' dir='ltr'>posse,</span> 
     </span>
     <span class='ocr_line' id='line_1_31' title="bbox 106 2092 1499 2142; baseline 0.001 -13"><span class='ocrx_word' id='word_1_256' title='bbox 106 2105 212 2140; x_wconf 88' lang='lat' dir='ltr'>cum,</span> <span class='ocrx_word' id='word_1_257' title='bbox 250 2092 319 2130; x_wconf 90' lang='lat' dir='ltr'>ubi</span> <span class='ocrx_word' id='word_1_258' title='bbox 349 2093 592 2131; x_wconf 84' lang='lat' dir='ltr'>semirutam</span> <span class='ocrx_word' id='word_1_259' title='bbox 632 2106 675 2130; x_wconf 88' lang='lat' dir='ltr'>ac</span> <span class='ocrx_word' id='word_1_260' title='bbox 708 2093 926 2142; x_wconf 87' lang='lat' dir='ltr'>spoliatam</span> <span class='ocrx_word' id='word_1_261' title='bbox 961 2094 1136 2142; x_wconf 87' lang='lat' dir='ltr'>patriam</span> <span class='ocrx_word' id='word_1_262' title='bbox 1170 2094 1404 2142; x_wconf 81' lang='lat' dir='ltr'>respexerit,</span> <span class='ocrx_word' id='word_1_263' title='bbox 1445 2095 1499 2131; x_wconf 92' lang='grc'>111-</span> 
     </span>
     <span class='ocr_line' id='line_1_32' title="bbox 106 2157 1501 2208; baseline 0.002 -14"><span class='ocrx_word' id='word_1_264' title='bbox 106 2157 295 2205; x_wconf 73' lang='lat' dir='ltr'>grediens</span> <span class='ocrx_word' id='word_1_265' title='bbox 316 2158 489 2196; x_wconf 86' lang='lat' dir='ltr'>Romam</span> <span class='ocrx_word' id='word_1_266' title='bbox 518 2158 561 2195; x_wconf 91' lang='lat' dir='ltr'>in</span> <span class='ocrx_word' id='word_1_267' title='bbox 592 2158 801 2196; x_wconf 86' lang='lat' dir='ltr'>uestibulo</span> <span class='ocrx_word' id='word_1_268' title='bbox 831 2158 955 2207; x_wconf 89' lang='lat' dir='ltr'>urbis,</span> <span class='ocrx_word' id='word_1_269' title='bbox 986 2171 1110 2208; x_wconf 86' lang='lat' dir='ltr'>prope</span> <span class='ocrx_word' id='word_1_270' title='bbox 1138 2159 1181 2196; x_wconf 91' lang='grc'>111</span> <span class='ocrx_word' id='word_1_271' title='bbox 1211 2160 1337 2207; x_wconf 87' lang='lat' dir='ltr'>porta,</span> <span class='ocrx_word' id='word_1_272' title='bbox 1371 2159 1501 2208; x_wconf 87' lang='lat' dir='ltr'>spolia</span> 
     </span>
     <span class='ocr_line' id='line_1_33' title="bbox 106 2223 1535 2273; baseline 0.003 -15"><span class='ocrx_word' id='word_1_273' title='bbox 106 2223 260 2272; x_wconf 85' lang='lat' dir='ltr'>patriae</span> <span class='ocrx_word' id='word_1_274' title='bbox 289 2236 384 2261; x_wconf 84' lang='lat' dir='ltr'>suae</span> <span class='ocrx_word' id='word_1_275' title='bbox 413 2224 578 2262; x_wconf 84' lang='lat' dir='ltr'>uisurus</span> <span class='ocrx_word' id='word_1_276' title='bbox 607 2224 851 2263; x_wconf 83' lang='lat' dir='ltr'>sit&#39;?—haec</span> <span class='ocrx_word' id='word_1_277' title='bbox 880 2223 1060 2273; x_wconf 79' lang='lat' dir='ltr'>taliaque</span> <span class='ocrx_word' id='word_1_278' title='bbox 1089 2237 1183 2261; x_wconf 86' lang='lat' dir='ltr'>cum</span> <span class='ocrx_word' id='word_1_279' title='bbox 1216 2223 1265 2261; x_wconf 87' lang='lat' dir='ltr'>ad</span> <span class='ocrx_word' id='word_1_280' title='bbox 1299 2224 1498 2263; x_wconf 79' lang='lat' dir='ltr'>inuidIam</span> <span class='ocrx_word' id='word_1_281' title='bbox 1518 2236 1535 2266; x_wconf 86' lang='lat'>5</span> 
     </span>
     <span class='ocr_line' id='line_1_34' title="bbox 107 2288 1500 2338; baseline 0.002 -13"><span class='ocrx_word' id='word_1_282' title='bbox 107 2288 289 2326; x_wconf 87' lang='lat' dir='ltr'>consulis</span> <span class='ocrx_word' id='word_1_283' title='bbox 337 2289 726 2338; x_wconf 82' lang='lat' dir='ltr'>lniSerationemque</span> <span class='ocrx_word' id='word_1_284' title='bbox 774 2289 1007 2327; x_wconf 88' lang='lat' dir='ltr'>Siculorum</span> <span class='ocrx_word' id='word_1_285' title='bbox 1056 2288 1301 2336; x_wconf 83' lang='lat' dir='ltr'>dicerentur,</span> <span class='ocrx_word' id='word_1_286' title='bbox 1353 2290 1500 2328; x_wconf 86' lang='lat' dir='ltr'>mitius</span> 
     </span>
     <span class='ocr_line' id='line_1_35' title="bbox 105 2353 1534 2404; baseline 0.001 -14"><span class='ocrx_word' id='word_1_287' title='bbox 105 2356 242 2391; x_wconf 81' lang='lat' dir='ltr'>tamen</span> <span class='ocrx_word' id='word_1_288' title='bbox 264 2353 529 2392; x_wconf 78' lang='lat' dir='ltr'>decreuerunt</span> <span class='ocrx_word' id='word_1_289' title='bbox 558 2357 717 2403; x_wconf 79' lang='lat' dir='ltr'>patres:</span> <span class='ocrx_word' id='word_1_290' title='bbox 747 2358 835 2392; x_wconf 86' lang='lat' dir='ltr'>acta</span> <span class='ocrx_word' id='word_1_291' title='bbox 862 2355 914 2392; x_wconf 89' lang='lat' dir='ltr'>M.</span> <span class='ocrx_word' id='word_1_292' title='bbox 946 2354 1137 2396; x_wconf 82' lang='lat' dir='ltr'>Marcelli,</span> <span class='ocrx_word' id='word_1_293' title='bbox 1166 2367 1268 2403; x_wconf 70' lang='lat' dir='ltr'>quae</span> <span class='ocrx_word' id='word_1_294' title='bbox 1296 2354 1330 2390; x_wconf 83' lang='lat' dir='ltr'>is</span> <span class='ocrx_word' id='word_1_295' title='bbox 1356 2367 1500 2404; x_wconf 83' lang='lat' dir='ltr'>gerens</span> <span class='ocrx_word' id='word_1_296' title='bbox 1517 2365 1534 2391; x_wconf 76' lang='lat' dir='ltr'>fi</span> 
     </span>
    </p>
   </div>
  </div>
 </body>
</html>
