1672 2594
144 117 349 148 CHAP.11
577 107 721 144 LJVY.
782 106 937 144 BOOK
969 105 1112 143 XXVI
1494 117 1539 155 13

143 225 426 263 detrectauere.
487 221 701 260 instructis
715 220 926 270 utrimque
946 220 1194 258 exercitibus
1215 220 1258 257 in
1279 220 1368 258 eius
1381 232 1540 269 pugnae
1557 230 1574 256 2

145 301 296 336 casum,
335 289 378 326 in
408 300 488 337 qua
517 287 616 326 urbs
645 287 777 325 Roma
810 286 957 324 uictori
990 285 1219 335 praemium
1255 287 1370 327 esset,
1409 285 1542 323 imber

145 355 292 404 ingens
312 353 509 404 grandine
530 353 686 392 mixtus
706 352 764 391 ita
784 355 1001 402 utramque
1029 351 1158 389 aciem
1186 350 1381 399 turbauit,
1405 352 1451 388 ut
1473 351 1542 388 uix

146 420 273 459 armis
301 419 473 458 retentis
502 419 546 456 in
576 420 708 456 castra
735 431 822 456 sese
853 417 1081 468 receperint
1110 417 1268 455 nullius
1298 417 1355 454 rei
1384 416 1543 454 millore

147 498 271 536 quam
311 484 496 523 hostium
535 486 661 522 metu.
741 486 781 522 et
818 485 980 533 postero
1019 483 1084 521 die
1121 483 1263 521 eodem
1310 483 1400 521 1000
1439 482 1578 520 1101053

146 552 371 590 instructas
391 551 531 589 eadem
559 552 784 600 tempestas
813 549 992 588 diremit.
1055 548 1127 586 ubi
1153 548 1402 598 recepissent
1429 561 1470 585 se
1501 547 1542 586 in

148 619 287 663 castra,
318 616 424 654 mira
452 615 650 655 serenitas
679 628 772 654 cum
806 614 1110 665 tranquillitate
1137 614 1355 652 oriebatur.
1417 613 1459 651 in
1490 627 1545 652 re·
1564 623 1579 651 4

148 682 345 732 ligionem
370 696 415 720 ea
435 695 499 720 res
520 682 625 732 apud
648 681 809 719 Poenos
836 694 951 719 uersa
979 683 1052 727 est.
1082 679 1408 729 auditaque'uox
1437 680 1547 718 Han.

149 748 300 786 nibalis
330 748 474 795 fertur,
506 747 728 797 potiundae
759 747 838 785 sibi
867 747 982 786 urbis
1015 748 1168 786 Romae
1204 746 1324 785 modo
1363 748 1547 784 mentem

150 827 232 852 11011
263 813 358 860 dari,
390 813 513 851 modo
539 813 760 851 fortunam.
820 812 1004 850 minuere
1034 813 1161 851 etiam
1189 825 1304 862 spem
1332 811 1421 849 eius
1447 811 1549 850 duae
1568 820 1584 849 5

151 879 261 924 aliae,
291 892 417 928 parua
442 892 682 929 magnaque,
713 892 800 917 res:
830 892 979 928 magna
1004 878 1086 917 illa.
1118 878 1239 928 quod,
1263 891 1357 916 011111
1389 877 1475 927 11)50
1499 878 1547 915 ad

152 944 315 983 moenia
346 944 460 982 urbis
494 945 649 982 Romae
678 946 862 982 armatus
891 944 1060 982 sederet.
1093 944 1248 982 milites
1279 943 1356 982 sub
1386 943 1552 982 uexillis

151 1010 194 1048 in
215 1009 552 1060 supplementum
580 1009 806 1058 Hispaniae
833 1010 1036 1058 profectos
1064 1009 1195 1047 audiit
1216 1022 1226 1048 1
1253 1022 1379 1058 parua
1398 1011 1548 1047 autem.
1570 1021 1588 1045 ος

152 1075 260 1125 quod
292 1087 366 1123 per
407 1089 475 1113 eos
510 1074 596 1113 dies
627 1088 724 1113 eum
759 1074 862 1113 sorte
893 1088 1049 1124 agrum,
1088 1074 1130 1112 111
1177 1089 1258 1125 (1110
1296 1075 1383 1124 ipse
1422 1077 1551 1113 eastra

155 1141 338 1180 liaberet.
369 1140 531 1179 uenisse
560 1140 669 1178 nihil
700 1140 751 1178 ob
781 1140 821 1178 id
853 1140 1068 1178 deminuto
1098 1141 1230 1190 pretio
1259 1140 1472 1190 cognitum
1504 1154 1552 1179 ex

154 1206 328 1256 quodam
347 1206 506 1255 captiuo
526 1208 597 1243 est.
658 1206 697 1244 id
716 1220 813 1244 uero
832 1206 931 1244 adeo
951 1206 1175 1256 superbum
1196 1209 1317 1256 atque
1337 1206 1553 1255 indignum
1572 1216 1588 1242 τ

157 1272 302 1310 uisum.
325 1271 412 1309 eius
432 1271 520 1310 soli.
544 1272 650 1320 quod
680 1271 766 1321 ipse
790 1272 896 1309 bello
927 1274 1092 1322 captum
1120 1272 1346 1322 possideret
1375 1271 1553 1310 haberet-

156 1351 244 1387 que.
268 1337 487 1375 inuentum
521 1338 672 1376 Romae
706 1340 947 1387 emptorem,
972 1340 1017 1375 ut
1041 1338 1248 1388 extemplo
1275 1341 1416 1377 uocato
1447 1351 1553 1387 prae-

157 1417 254 1441 cone
274 1403 464 1441 tabernas
481 1403 741 1452 argentarias.
761 1417 863 1452 quae
880 1403 985 1441 eirca
1002 1405 1136 1441 forum
1155 1404 1389 1442 Romanum
1405 1406 1552 1442 essent.

158 1469 321 1507 iusserit
344 1468 494 1507 uenire.
555 1469 620 1506 his
636 1471 773 1507 motus
787 1469 836 1506 ad
853 1469 1021 1507 Tutiam
1044 1469 1217 1507 fluuium
1240 1471 1370 1508 castra
1384 1470 1554 1516 rettulit,
1576 1483 1592 1505 s

160 1548 228 1572 sex
250 1533 365 1571 milia
386 1546 581 1583 passuum
603 1534 654 1572 ab
676 1534 788 1572 urbe.
844 1535 939 1572 inde
968 1535 1016 1572 ad
1039 1534 1177 1573 lucum
1203 1535 1398 1574 Feroniae
1424 1537 1553 1586 pergit

161 1600 230 1646 ire,
263 1599 465 1649 templum
500 1613 546 1637 ea
579 1602 821 1648 tempestate
855 1599 1059 1638 inclutum
1092 1600 1261 1638 diuitiis.
1333 1602 1558 1652 Capenates
1577 1609 1594 1635 5>

160 1665 322 1715 aliique⁷
346 1666 412 1713 qui
440 1665 594 1703 accolae
624 1666 711 1704 eius
732 1668 860 1713 erant,
885 1666 1092 1716 primitias
1119 1666 1286 1717 frugum
1307 1681 1353 1704 eo
1373 1667 1559 1717 donaque

161 1730 241 1769 alia
260 1744 332 1779 pro
353 1730 466 1780 copia
487 1732 697 1780 portantes
718 1731 850 1770 multo
871 1745 968 1770 auro
989 1734 1238 1781 argentoque
1257 1733 1297 1771 id
1314 1735 1559 1771 exornatum

162 1795 378 1833 habebant.
459 1796 510 1834 iis
550 1797 743 1835 omnibus
781 1797 899 1835 donis
938 1799 1029 1835 tum
1076 1798 1302 1847 spoliatum
1340 1798 1557 1849 templum.

163 1861 266 1898 aeris
295 1861 439 1909 acerui,
466 1875 559 1900 cum
590 1863 735 1900 rudera
763 1863 920 1901 milites
948 1863 1149 1912 religione
1179 1864 1337 1902 inducti
1366 1864 1557 1910 iacerent,

164 1928 257 1976 post
283 1926 579 1976 profectionem
609 1927 856 1966 Hannibalis
881 1928 1023 1978 magni
1053 1928 1229 1967 inuenti.
1289 1929 1412 1968 huius
1441 1936 1612 1980 popu-10

165 1992 264 2030 latio
278 1992 543 2042 templihaud
565 1993 690 2031 dubia
709 1993 817 2031 inter
837 1994 1054 2043 scriptores
1069 1996 1142 2032 est.
1202 1995 1366 2033 Coelius
1387 1982 1562 2033 Romam

167 2060 333 2095 euntem
364 2057 413 2095 ab
449 2059 570 2096 Ereto
600 2059 824 2097 deuertisse
853 2073 900 2098 eo
929 2059 1210 2098 Hannibalem
1246 2061 1374 2099 tradit
1409 2062 1564 2110 iterque

167 2123 254 2160 eius
276 2123 326 2161 ab
347 2124 471 2162 Reate
492 2124 736 2174 Cutiliisque
762 2128 801 2163 et
829 2125 879 2163 ab
908 2125 1127 2163 Amiterno
1157 2126 1342 2173 orditur;
1372 2140 1421 2164 ex
1450 2127 1565 2165 Cam-
1587 2139 1616 2166 11

170 2188 292 2237 pania
311 2188 356 2226 in
378 2189 605 2237 Samnium,
629 2189 725 2227 inde
756 2189 799 2227 in
831 2190 1051 2240 Paelignos
1070 2191 1306 2240 peruenisse
1326 2195 1565 2242 praeterque

171 2254 368 2304 oppidum
399 2255 644 2293 Sulmonem
674 2255 719 2293 in
746 2255 1001 2294 Marrucinos
1030 2257 1235 2296 transisse.
1268 2258 1363 2296 inde
1391 2258 1567 2296 Albensi

170 2333 266 2369 agro
286 2320 330 2358 in
351 2320 517 2369 Marsos.
541 2320 637 2358 hinc
656 2321 927 2359 Amiternum
954 2321 1205 2372 Forulosque
1233 2323 1370 2362 uicum
1392 2324 1563 2361 uenisse.

174 2398 306 2435 neque
346 2384 404 2423 ibi
441 2399 552 2424 error
590 2388 661 2431 est,
704 2387 809 2436 quod
861 2387 965 2426 tanti
1005 2389 1111 2427 (lacis
1150 2391 1328 2438 tantique
1366 2388 1568 2427 exercitus
1588 2394 1621 2423 12
