1672 2594
159 125 212 167 34
591 116 649 155 LI
655 117 735 155 VY.
798 118 952 155 BOOK
984 116 1065 154 XX
1072 117 1128 154 Vl
1351 124 1487 156 CHAP.
1506 129 1556 166 27

157 233 284 277 orant,
312 230 349 267 id
383 231 621 269 incendium
651 231 794 269 fecisse
825 231 1030 280 uulgoque
1066 231 1244 268 facturos
1275 230 1364 276 alia,
1389 231 1430 268 ni
1461 244 1551 270 eon-

124 310 141 335 s
159 295 475 345 prehendantur.
513 296 782 346 conprehensi
803 296 880 346 ipsi
902 296 1162 344 familiaeque
1177 308 1331 333 eorum.
1365 298 1403 333 et
1419 297 1552 346 primo

158 361 395 400 eleuabatur
415 362 536 400 index
564 362 866 411 indiciuimlue:
897 361 1027 411 pridie
1052 375 1145 399 eum
1176 360 1418 399 uerberibus
1439 362 1554 400 casti-

157 430 300 477 gatum
331 427 381 466 ab
412 427 591 465 dominis
611 427 856 474 discessisse,
880 441 951 476 per
980 427 1083 464 iram
1114 439 1157 463 ae
1188 426 1399 464 leuitatem
1432 439 1480 464 ex
1512 439 1554 464 re

121 493 327 531 9fortuita
355 492 511 531 crimen
546 494 854 532 commentum:
894 494 1075 530 ceterum
1112 494 1155 530 ut
1194 504 1331 530 coram
1367 504 1551 540 coargue-

157 557 317 606 bantur,
340 560 381 596 et
402 559 586 607 quaestio
607 572 655 596 ex
686 558 890 596 ministris
918 558 1108 596 facinoris
1134 557 1220 595 foro
1247 557 1382 595 medio
1410 555 1550 595 haberi

155 625 295 673 coepta
314 626 387 672 est,
412 624 509 662 fassi
531 637 688 665 omnes,
711 626 833 672 atque
854 623 897 661 in
920 623 1109 661 dominos
1129 634 1347 671 seruosque
1368 621 1552 660 conscios

155 690 490 728 animaduersum
527 692 598 727 est.
660 689 783 727 indici
824 688 994 726 libertas
1035 688 1128 726 data
1166 690 1205 725 et
1247 687 1394 736 uiginti
1437 687 1552 725 milia

154 755 272 793 aeris.

100 829 136 859 10
208 820 378 859 Consuli
408 820 590 857 Laeuino
620 821 798 869 Capuam
830 819 1105 868 praetereunti
1137 819 1384 856 circumfusa
1414 817 1550 856 multi·

154 885 253 923 tudo
279 886 583 934 Campanorum
613 887 675 923 est
708 885 1014 923 obsecrantium
1044 898 1138 922 cnm
1169 883 1360 931 lacrimis,
1396 886 1439 921 ut
1472 883 1550 921 sibi

153 951 328 988 Romam
359 950 408 987 ad
436 952 626 988 senatum
657 950 714 987 ire
743 950 880 987 liceret
910 952 1084 997 oratum,
1108 949 1140 986 si
1167 962 1246 998 qua
1270 948 1550 987 misericordia

153 1013 318 1052 tandem
355 1015 463 1053 flecti
498 1017 677 1064 possent,
713 1029 761 1052 ne
801 1029 843 1053 se
880 1016 929 1053 ad
965 1015 1162 1053 ultimum
1195 1014 1406 1064 perditum
1440 1014 1547 1052 irent

97 1089 130 1118 11
151 1092 383 1130 nomenque
404 1082 706 1130 Campanorum
728 1096 749 1119 a
767 1081 811 1129 Q.
829 1081 973 1119 Flacco
989 1080 1114 1118 deleri
1135 1081 1328 1118 sinerent.
1378 1079 1548 1118 Flaccus

150 1145 230 1184 sibi
251 1146 456 1196 priuatam
477 1146 730 1184 simultatem
756 1160 847 1184 cum
870 1146 1089 1194 Campanis
1117 1159 1263 1194 negare
1284 1145 1411 1183 ullam
1433 1158 1520 1184 esse
1538 1159 1546 1191 ;

152 1208 335 1258 publicas
359 1211 598 1250 inimicitias
623 1213 664 1249 et
692 1226 778 1249 esse
802 1214 841 1249 et
870 1211 1038 1258 futuras,
1064 1211 1193 1260 quoad
1221 1225 1266 1248 eo
1296 1211 1436 1248 animo
1459 1224 1546 1248 esse

98 1284 130 1312 12
149 1288 244 1325 erga
282 1277 482 1326 populum
523 1277 757 1316 Romanuin
797 1277 930 1315 sciret.
990 1277 1148 1315 nullam
1188 1276 1301 1314 enim
1343 1276 1383 1314 in
1425 1276 1546 1314 terris

149 1344 315 1390 gentem
336 1356 435 1391 esse,
460 1342 624 1380 nullum
654 1343 912 1381 infestiorem
932 1343 1130 1392 populum
1160 1342 1321 1380 nomini
1343 1343 1540 1381 Romano.

152 1406 238 1444 ideo
259 1420 300 1445 se
321 1408 539 1446 moenibus
561 1408 740 1446 inclusos
769 1411 907 1446 tenere
934 1422 1013 1455 eos,
1039 1408 1143 1457 quia.
1170 1408 1203 1444 si
1226 1408 1295 1457 qui
1316 1408 1539 1446 euasissent

148 1472 294 1521 aliqua,
329 1473 442 1511 uelut
481 1474 587 1511 feras
626 1473 779 1512 bestias
812 1488 883 1523 per
916 1487 1034 1524 agros
1069 1474 1204 1522 uagari
1239 1475 1280 1511 et
1314 1473 1470 1512 laniare
1504 1475 1544 1511 et

96 1548 128 1576 1³3
148 1538 350 1576 trucidare
372 1539 659 1588 quodcumque
680 1539 850 1577 obuium
873 1539 1005 1577 detur.
1063 1539 1165 1577 alios
1186 1539 1234 1577 ad
1256 1539 1540 1577 Hannibalem

147 1604 428 1653 transfugisse,
458 1604 559 1642 alios
590 1604 637 1643 ad
670 1605 846 1642 Romam
878 1604 1179 1642 incendendam
1214 1604 1424 1652 profectos.
1486 1604 1543 1641 in-

146 1671 373 1707 uenturum
399 1669 441 1707 in
470 1672 654 1708 semusto
685 1671 771 1707 foro
798 1670 1008 1708 consulem
1039 1669 1212 1718 uestigia
1241 1669 1406 1708 sceleris
1426 1670 1540 1708 Cam-

92 1744 123 1772 11
144 1748 360 1784 panorum.
420 1735 569 1774 Vestae
611 1735 755 1774 aedem
804 1736 975 1785 petitam
1025 1738 1065 1773 et
1113 1736 1302 1773 aeternos
1350 1735 1458 1784 ignis
1501 1738 1541 1774 et

145 1800 361 1838 conditum
400 1800 443 1838 in
482 1802 681 1850 penetrali
720 1801 840 1839 fatale
879 1801 1031 1850 pignus
1071 1801 1213 1850 imperi
1252 1801 1437 1839 Romani.
1498 1815 1540 1840 se

144 1866 318 1904 minime
349 1880 510 1905 censere
540 1870 678 1906 tutum
709 1880 795 1905 esse
825 1867 1045 1917 Campanis
1077 1868 1322 1916 potestatem
1355 1867 1537 1906 intrandi

91 1942 124 1971 15
144 1932 330 1971 Romana
368 1933 530 1971 moenia
568 1933 666 1971 fieri.
731 1933 935 1971 Laeuinus
974 1933 1204 1982 Campanos
1242 1933 1328 1970 iure
1367 1933 1538 1971 iurando

142 2013 164 2036 a
199 1998 344 2037 Flacco
376 1999 550 2047 adactos,
585 1999 730 2048 quinto
762 1999 837 2046 die,
875 2012 997 2048 quam
1030 1998 1079 2036 ab
1114 2000 1259 2037 senatu
1294 2011 1536 2048 responsum

90 2074 121 2101 113
140 2064 402 2113 accepissent,
426 2065 607 2114 Capuam
635 2064 850 2111 redituros,
873 2063 986 2113 sequi
1014 2079 1055 2102 se
1077 2065 1253 2102 Romam
1280 2063 1411 2102 iussit.
1464 2064 1537 2103 hac

141 2130 416 2168 circumfusus
461 2130 743 2177 multitudine,
792 2129 919 2167 simul
964 2129 1114 2167 Siculis
1153 2128 1319 2167 obuiam
1365 2130 1537 2178 egressis

140 2195 373 2245 secutisque
401 2196 590 2234 Romam.
623 2194 811 2244 praebuit
834 2196 991 2244 speciem
1018 2195 1178 2234 dolentis
1207 2195 1375 2232 (letarum
1404 2194 1537 2233 claris-

140 2261 340 2299 simarum
367 2261 534 2300 urbium
560 2261 718 2299 excidio
746 2274 789 2298 ac
825 2260 1102 2298 celeberrimis
1132 2259 1230 2298 uiris
1269 2261 1399 2298 uictos
1429 2260 1536 2299 bello

139 2329 395 2366 accusatores
416 2327 458 2364 in
480 2326 625 2365 urbem
647 2326 900 2365 adducentis.

88 2404 118 2432 17
195 2393 255 2431 De
294 2407 334 2430 re
373 2392 535 2442 publica
573 2394 712 2431 tamen
753 2392 935 2441 primum
975 2407 1020 2430 ac
1060 2392 1107 2430 de
1147 2391 1372 2441 prouinciis
1411 2391 1531 2430 ambo
