1672 2594
119 83 326 126 CHAP.30
555 76 698 113 LIVY.
761 76 914 112 BOOK
948 76 1089 111 XXV]
1466 89 1515 126 37

119 190 398 229 Romanorum
432 190 738 240 imperatorum,
774 189 978 240 prosperis
1007 191 1097 227 tum
1140 189 1319 228 maxime
1358 190 1515 229 bellicis

117 255 248 303 rebus,
273 256 444 294 caderet.

171 321 308 360 XXX.
341 321 598 359 Permutatis
617 321 844 370 prouinciis
865 320 994 359 Siculi
1014 320 1055 358 in
1079 322 1268 358 senatum
1290 321 1517 360 introducti
1535 329 1549 356 1

116 386 248 424 multa
267 387 317 424 de
339 386 536 424 Hieronis
557 387 663 436 regis
684 386 764 424 fide
791 388 989 436 perpetua
1017 399 1111 436 erga
1136 386 1338 435 populum
1370 387 1516 426 Roma-

116 465 217 489 num
249 451 373 490 uerba
396 452 583 490 fecerunt
611 451 655 489 in
682 451 857 501 gratiam
886 451 1095 501 publicam
1128 453 1388 499 auertentes;
1420 452 1515 490 Hie·
1533 454 1550 482 '2

115 530 337 567 ronymum
361 531 405 554 ac
435 520 576 566 postea
604 517 888 566 Hippocraten
917 519 1040 566 atque
1069 517 1282 566 Epicyden
1311 520 1514 567 tyrannos

114 596 207 620 cum
230 583 281 621 ob
302 583 381 621 alia
394 585 486 621 tum
507 584 675 632 propter
695 582 969 620 defectionem
991 582 1040 619 ab
1063 582 1261 620 Romanis
1282 583 1331 620 ad
1354 583 1516 621 Hanni-

114 648 249 686 balem
272 649 429 687 inuisos
448 649 574 687 fuisse
600 648 688 687 sibi.
751 648 802 686 ob
830 662 919 686 eam
948 661 1112 686 causam
1135 651 1176 686 et
1202 648 1512 698 Hieronymum

113 727 136 751 a
155 714 412 764 principibus
436 714 667 752 iuuentutis
691 727 815 763 prope
840 713 1004 763 publico
1032 712 1203 751 consilio
1235 714 1511 755 interfectum.

114 782 155 818 et
181 780 224 817 in
255 779 452 829 Epicydis
482 780 828 830 Hippocratisque
859 779 1024 817 caedem
1055 780 1319 829 septuaginta
1348 780 1513 818 nobilis·
1532 784 1548 814 3

113 845 315 883 simorum
354 846 555 884 iuuenum
594 845 919 884 coniurationem
962 846 1141 892 factam3
1190 858 1290 894 quos
1328 846 1513 884 Marcelli

114 924 227 949 mora
255 910 484 949 destitutos.
517 911 613 960 quia
642 912 691 949 ad
722 910 975 960 praedictum
1007 912 1173 959 tempus
1202 911 1431 950 exercitum
1462 913 1512 951 ad

113 977 332 1026 Syracusas
362 989 443 1014 non
474 976 733 1017 admouisset,
761 975 914 1014 indicio
943 976 1048 1013 facto
1075 976 1211 1013 omnis
1237 976 1288 1014 ab
1319 978 1510 1026 tyrannis·

112 1041 358 1079 interfectos.
438 1054 527 1079 eam
567 1055 728 1091 quoque
759 1041 1029 1091 Hippocratis
1060 1044 1099 1079 et
1132 1042 1330 1091 Epicydis
1371 1045 1508 1092 tyran-
1530 1053 1545 1080 4

112 1105 249 1144 uidem
285 1106 527 1145 Marcellum
566 1107 760 1146 excitasse
801 1107 1020 1145 Leontinis
1063 1107 1284 1145 crudeliter
1324 1108 1506 1158 direptis.

112 1184 340 1222 numquam
393 1172 541 1210 deinde
595 1172 801 1222 principes
848 1174 1204 1222 Syracusanorum
1254 1173 1408 1211 desisse
1455 1173 1504 1211 ad
1529 1182 1546 1211 ἴ»

111 1236 353 1276 Marcellum
383 1238 558 1276 transire
597 1238 862 1288 pollicerique
895 1252 935 1276 se
971 1238 1126 1279 urbem.
1166 1251 1259 1276 cum
1294 1238 1430 1287 uellet,
1472 1239 1507 1276 ei

110 1303 357 1350 tradituros;
388 1304 457 1342 sed
488 1317 584 1342 eum
615 1304 748 1353 primo
773 1305 815 1342 ui
846 1317 987 1353 capere
1017 1304 1239 1351 maluisse;
1270 1304 1377 1351 dein,
1414 1318 1507 1343 cum
1527 1314 1544 1340 r,

110 1369 149 1408 id
172 1383 302 1419 neque
324 1371 432 1408 terra
446 1383 576 1419 neque
594 1370 697 1408 mari
718 1370 858 1408 onmia
879 1372 1072 1420 expertus
1090 1370 1303 1420 potuisset,
1322 1373 1510 1409 auctores

108 1435 355 1474 traditarum
387 1437 681 1486 Syracusarum
714 1436 877 1473 fabrum
907 1435 1110 1474 aerarium
1137 1435 1273 1472 Sosim
1303 1438 1342 1474 et
1368 1436 1509 1474 Moeri-

109 1515 202 1539 cum
243 1501 479 1550 Hispanum
519 1514 642 1550 quam
690 1501 898 1550 principes
943 1502 1295 1550 Syracusanorum
1346 1501 1505 1550 habere,

108 1567 259 1605 totiens
307 1566 347 1604 id
391 1567 640 1617 nequiquam
687 1567 795 1605 ultro
838 1567 1060 1614 offerentis,
1108 1569 1379 1616 praeoptasse,
1428 1582 1508 1616 quo

107 1632 262 1670 scilicet
282 1632 453 1670 iustiore
474 1632 522 1669 de
542 1645 661 1671 causa
683 1632 991 1671 uetustissimos
1012 1632 1143 1671 socios
1163 1632 1305 1681 populi
1330 1632 1505 1671 Romani

107 1697 331 1736 trucidaret
351 1711 395 1735 ac
417 1697 624 1748 diriperet.
685 1698 720 1736 si
743 1711 826 1736 non
850 1698 1132 1747 Hieronymus
1153 1697 1202 1735 ad
1224 1697 1505 1735 Hannibalem
1525 1708 1541 1735 τ

107 1764 329 1810 defecisset,
372 1763 441 1801 sed
484 1763 659 1813 populus
690 1764 972 1813 Syracusanus
1003 1766 1045 1801 et
1086 1765 1264 1804 senatus,
1298 1764 1333 1801 si
1368 1765 1506 1812 portas

107 1829 297 1867 Marcello
327 1829 573 1878 Syracusani
607 1829 770 1878 publice
804 1831 844 1867 et
882 1842 966 1867 non
998 1829 1201 1878 oppressis
1235 1829 1506 1878 Syracusanis

106 1895 273 1944 tyranni
304 1907 446 1931 eorum
474 1894 749 1944 Hippocrates
778 1897 818 1932 et
845 1894 1046 1944 Epicydes
1070 1895 1326 1941 clausissent,
1353 1895 1386 1933 si
1414 1896 1505 1934 Car-

106 1959 430 2009 thaginiensium
463 1959 615 1997 animis
644 1959 799 1997 bellum
835 1974 929 1998 cum
960 1960 1112 2009 populo
1143 1961 1331 1999 Romano
1361 1962 1504 2011 gessis-

105 2028 207 2073 sent,
230 2025 328 2075 quid
349 2026 457 2063 ultra
477 2039 600 2074 quam
617 2025 723 2074 quod
745 2026 895 2071 fecerit.
918 2026 999 2063 nisi
1020 2029 1065 2063 ut
1088 2026 1243 2064 deleret
1265 2027 1500 2076 Syracusas,
1521 2037 1538 2062 s

78 2134 82 2135 ⁷
106 2092 235 2130 facere
255 2091 461 2130 hostiliter
485 2091 725 2129 Marcellum
750 2091 966 2141 potuisse?
1023 2093 1128 2129 certe
1154 2093 1316 2141 praeter
1340 2094 1502 2131 moenia
1519 2101 1537 2127 f)

106 2157 146 2193 et
166 2157 271 2195 tecta
290 2157 490 2195 exhausta
510 2157 625 2195 urbis
652 2159 691 2195 et
712 2157 883 2195 refracta
903 2170 948 2195 ac
976 2157 1150 2206 spoliata
1173 2157 1296 2195 deum
1318 2157 1496 2205 delubra,

106 2221 170 2259 (lis
190 2221 291 2271 ipsis
316 2222 650 2272 ornamentisque
679 2235 823 2260 eorum
849 2222 1008 2270 ablatis,
1034 2222 1140 2260 nihil
1167 2222 1361 2261 relictum
1383 2224 1500 2272 Syra-

106 2287 216 2325 cusis
245 2300 344 2325 esse.
405 2287 513 2326 bona
546 2301 708 2337 quoque
736 2287 882 2325 multis
910 2287 1111 2337 adempta,
1144 2289 1200 2326 ita
1229 2291 1275 2327 ut
1306 2302 1356 2325 ne
1388 2290 1498 2326 nudo
1521 2299 1554 2329 10

106 2351 272 2400 quidem
302 2352 398 2399 solo,
431 2353 612 2402 reliquiis
641 2353 819 2402 direptae
848 2353 1047 2400 fortunae,
1079 2354 1185 2392 alere
1217 2367 1303 2392 sese
1331 2366 1374 2392 ac
1404 2367 1498 2393 suos
