<?xml version="1.0" encoding="UTF-8"?>
<!DOCTYPE html PUBLIC "-//W3C//DTD XHTML 1.0 Transitional//EN"
    "http://www.w3.org/TR/xhtml1/DTD/xhtml1-transitional.dtd">
<html xmlns="http://www.w3.org/1999/xhtml" xml:lang="en" lang="en">
 <head>
  <title>
</title>
<meta http-equiv="Content-Type" content="text/html;charset=utf-8" />
  <meta name='ocr-system' content='tesseract 3.04.00' />
  <meta name='ocr-capabilities' content='ocr_page ocr_carea ocr_par ocr_line ocrx_word'/>
</head>
<body>
  <div class='ocr_page' id='page_1' title='image "./bookxxvi00livyuoft_0048.png"; bbox 0 0 1672 2594; ppageno 0'>
   <div class='ocr_carea' id='block_1_1' title="bbox 102 115 1491 155">
    <p class='ocr_par' dir='ltr' id='par_1_1' title="bbox 102 115 1491 155">
     <span class='ocr_line' id='line_1_1' title="bbox 102 115 1491 155; baseline 0.001 -4"><span class='ocrx_word' id='word_1_1' title='bbox 102 125 147 151; x_wconf 80' lang='lat'>12</span> <span class='ocrx_word' id='word_1_2' title='bbox 531 115 671 152; x_wconf 74' lang='lat' dir='ltr'><em>LJVY.</em></span> <span class='ocrx_word' id='word_1_3' title='bbox 734 115 888 152; x_wconf 73' lang='lat' dir='ltr'><em>BOOK</em></span> <span class='ocrx_word' id='word_1_4' title='bbox 922 115 1061 152; x_wconf 68' lang='lat' dir='ltr'><em>XXVI</em></span> <span class='ocrx_word' id='word_1_5' title='bbox 1285 125 1491 155; x_wconf 73' lang='lat' dir='ltr'>CllAP.10</span> 
     </span>
    </p>
   </div>
   <div class='ocr_carea' id='block_1_2' title="bbox 50 227 1499 2444">
    <p class='ocr_par' dir='ltr' id='par_1_2' title="bbox 95 227 1493 605">
     <span class='ocr_line' id='line_1_2' title="bbox 95 227 1491 279; baseline 0.004 -17"><span class='ocrx_word' id='word_1_6' title='bbox 95 229 322 276; x_wconf 78' lang='lat' dir='ltr'>portarunt.</span> <span class='ocrx_word' id='word_1_7' title='bbox 384 227 572 265; x_wconf 58' lang='lat' dir='ltr'>vous-ulos</span> <span class='ocrx_word' id='word_1_8' title='bbox 595 231 843 279; x_wconf 82' lang='lat' dir='ltr'>senatusque</span> <span class='ocrx_word' id='word_1_9' title='bbox 867 229 908 266; x_wconf 91' lang='lat' dir='ltr'>in</span> <span class='ocrx_word' id='word_1_10' title='bbox 937 233 1068 267; x_wconf 78' lang='lat' dir='ltr'>castra</span> <span class='ocrx_word' id='word_1_11' title='bbox 1089 234 1304 268; x_wconf 56' lang='lat' dir='ltr'>uenerunt.</span> <span class='ocrx_word' id='word_1_12' title='bbox 1366 230 1421 267; x_wconf 81' lang='lat' dir='ltr'>ibi</span> <span class='ocrx_word' id='word_1_13' title='bbox 1443 231 1491 268; x_wconf 81' lang='lat' dir='ltr'>‹le</span> 
     </span>
     <span class='ocr_line' id='line_1_3' title="bbox 96 293 1492 344; baseline 0.003 -14"><span class='ocrx_word' id='word_1_14' title='bbox 96 306 258 332; x_wconf 86' lang='lat' dir='ltr'>summa</span> <span class='ocrx_word' id='word_1_15' title='bbox 306 306 348 331; x_wconf 91' lang='lat' dir='ltr'>re</span> <span class='ocrx_word' id='word_1_16' title='bbox 387 293 551 343; x_wconf 83' lang='lat' dir='ltr'>publica</span> <span class='ocrx_word' id='word_1_17' title='bbox 590 294 881 333; x_wconf 81' lang='lat' dir='ltr'>consultatum.</span> <span class='ocrx_word' id='word_1_18' title='bbox 959 295 1111 344; x_wconf 81' lang='lat' dir='ltr'>placuit</span> <span class='ocrx_word' id='word_1_19' title='bbox 1150 295 1338 333; x_wconf 77' lang='lat' dir='ltr'>consules</span> <span class='ocrx_word' id='word_1_20' title='bbox 1387 296 1492 334; x_wconf 87' lang='lat' dir='ltr'>circa</span> 
     </span>
     <span class='ocr_line' id='line_1_4' title="bbox 95 358 1492 410; baseline 0.004 -17"><span class='ocrx_word' id='word_1_21' title='bbox 95 360 230 408; x_wconf 86' lang='lat' dir='ltr'>portas</span> <span class='ocrx_word' id='word_1_22' title='bbox 245 358 451 397; x_wconf 81' lang='lat' dir='ltr'>Collinam</span> <span class='ocrx_word' id='word_1_23' title='bbox 471 359 813 409; x_wconf 81' lang='lat' dir='ltr'>Esquilinamque</span> <span class='ocrx_word' id='word_1_24' title='bbox 827 374 978 409; x_wconf 88' lang='lat' dir='ltr'>ponere</span> <span class='ocrx_word' id='word_1_25' title='bbox 998 362 1139 408; x_wconf 83' lang='lat' dir='ltr'>castra,</span> <span class='ocrx_word' id='word_1_26' title='bbox 1154 361 1196 399; x_wconf 83' lang='lat' dir='ltr'>C.</span> <span class='ocrx_word' id='word_1_27' title='bbox 1222 361 1492 410; x_wconf 86' lang='lat' dir='ltr'>Calpurnium</span> 
     </span>
     <span class='ocr_line' id='line_1_5' title="bbox 96 424 1492 475; baseline 0.003 -14"><span class='ocrx_word' id='word_1_28' title='bbox 96 425 326 473; x_wconf 79' lang='lat' dir='ltr'><strong>praetorem</strong></span> <span class='ocrx_word' id='word_1_29' title='bbox 349 424 552 462; x_wconf 83' lang='lat' dir='ltr'>urbanum</span> <span class='ocrx_word' id='word_1_30' title='bbox 574 425 774 474; x_wconf 83' lang='lat' dir='ltr'>Capitolio</span> <span class='ocrx_word' id='word_1_31' title='bbox 795 427 918 475; x_wconf 90' lang='lat' dir='ltr'>atque</span> <span class='ocrx_word' id='word_1_32' title='bbox 938 426 1018 464; x_wconf 87' lang='lat' dir='ltr'>arci</span> <span class='ocrx_word' id='word_1_33' title='bbox 1040 439 1221 475; x_wconf 87' lang='lat' dir='ltr'>praeesse</span> <span class='ocrx_word' id='word_1_34' title='bbox 1241 428 1281 464; x_wconf 92' lang='lat' dir='ltr'>et</span> <span class='ocrx_word' id='word_1_35' title='bbox 1302 428 1492 465; x_wconf 84' lang='lat' dir='ltr'>senatum</span> 
     </span>
     <span class='ocr_line' id='line_1_6' title="bbox 98 489 1493 540; baseline 0.003 -14"><span class='ocrx_word' id='word_1_36' title='bbox 98 489 352 539; x_wconf 76' lang='lat' dir='ltr'>frequentem</span> <span class='ocrx_word' id='word_1_37' title='bbox 382 490 426 527; x_wconf 91' lang='lat' dir='ltr'>in</span> <span class='ocrx_word' id='word_1_38' title='bbox 455 489 542 527; x_wconf 90' lang='lat' dir='ltr'>foro</span> <span class='ocrx_word' id='word_1_39' title='bbox 572 489 786 533; x_wconf 76' lang='lat' dir='ltr'>contineri,</span> <span class='ocrx_word' id='word_1_40' title='bbox 810 491 844 528; x_wconf 85' lang='lat' dir='ltr'>si</span> <span class='ocrx_word' id='word_1_41' title='bbox 874 490 972 540; x_wconf 84' lang='lat' dir='ltr'>quid</span> <span class='ocrx_word' id='word_1_42' title='bbox 1003 491 1045 528; x_wconf 88' lang='lat' dir='ltr'>in</span> <span class='ocrx_word' id='word_1_43' title='bbox 1075 493 1160 529; x_wconf 86' lang='lat' dir='ltr'>tam</span> <span class='ocrx_word' id='word_1_44' title='bbox 1190 491 1342 530; x_wconf 77' lang='lat' dir='ltr'>subitis</span> <span class='ocrx_word' id='word_1_45' title='bbox 1371 491 1493 531; x_wconf 86' lang='lat' dir='ltr'>rebus</span> 
     </span>
     <span class='ocr_line' id='line_1_7' title="bbox 97 554 573 605; baseline 0.004 -13"><span class='ocrx_word' id='word_1_46' title='bbox 97 554 282 593; x_wconf 87' lang='lat' dir='ltr'>consulto</span> <span class='ocrx_word' id='word_1_47' title='bbox 313 568 416 605; x_wconf 87' lang='lat' dir='ltr'>opus</span> <span class='ocrx_word' id='word_1_48' title='bbox 453 557 573 594; x_wconf 86' lang='lat' dir='ltr'>esset.</span> 
     </span>
    </p>

    <p class='ocr_par' dir='ltr' id='par_1_3' title="bbox 61 621 1494 934">
     <span class='ocr_line' id='line_1_8' title="bbox 61 621 1494 673; baseline 0.001 -15"><span class='ocrx_word' id='word_1_49' title='bbox 61 631 79 659; x_wconf 82' lang='lat'><strong>2</strong></span> <span class='ocrx_word' id='word_1_50' title='bbox 153 621 271 658; x_wconf 89' lang='lat' dir='ltr'>Inter</span> <span class='ocrx_word' id='word_1_51' title='bbox 305 621 403 659; x_wconf 83' lang='lat' dir='ltr'>haec</span> <span class='ocrx_word' id='word_1_52' title='bbox 438 621 649 659; x_wconf 83' lang='lat' dir='ltr'>Hannibal</span> <span class='ocrx_word' id='word_1_53' title='bbox 670 622 719 659; x_wconf 79' lang='lat' dir='ltr'>ad</span> <span class='ocrx_word' id='word_1_54' title='bbox 750 622 956 660; x_wconf 85' lang='lat' dir='ltr'>Anienem</span> <span class='ocrx_word' id='word_1_55' title='bbox 977 622 1153 660; x_wconf 83' lang='lat' dir='ltr'>fluuium</span> <span class='ocrx_word' id='word_1_56' title='bbox 1174 623 1252 660; x_wconf 86' lang='lat' dir='ltr'>tria</span> <span class='ocrx_word' id='word_1_57' title='bbox 1271 623 1387 662; x_wconf 88' lang='lat' dir='ltr'>milia</span> <span class='ocrx_word' id='word_1_58' title='bbox 1409 636 1494 673; x_wconf 87' lang='lat' dir='ltr'>pas-</span> 
     </span>
     <span class='ocr_line' id='line_1_9' title="bbox 98 685 1491 738; baseline 0.002 -15"><span class='ocrx_word' id='word_1_59' title='bbox 98 699 218 724; x_wconf 87' lang='lat' dir='ltr'>sumn</span> <span class='ocrx_word' id='word_1_60' title='bbox 240 685 290 724; x_wconf 84' lang='lat' dir='ltr'>ab</span> <span class='ocrx_word' id='word_1_61' title='bbox 312 686 413 724; x_wconf 85' lang='lat' dir='ltr'>urbe</span> <span class='ocrx_word' id='word_1_62' title='bbox 433 688 566 724; x_wconf 87' lang='lat' dir='ltr'>castra</span> <span class='ocrx_word' id='word_1_63' title='bbox 585 687 783 725; x_wconf 78' lang='lat' dir='ltr'>admouit.</span> <span class='ocrx_word' id='word_1_64' title='bbox 845 687 902 725; x_wconf 91' lang='lat' dir='ltr'>ibi</span> <span class='ocrx_word' id='word_1_65' title='bbox 924 687 1089 725; x_wconf 86' lang='lat' dir='ltr'>statiuis</span> <span class='ocrx_word' id='word_1_66' title='bbox 1110 688 1254 737; x_wconf 85' lang='lat' dir='ltr'>positis</span> <span class='ocrx_word' id='word_1_67' title='bbox 1285 688 1369 738; x_wconf 85' lang='lat' dir='ltr'>ipse</span> <span class='ocrx_word' id='word_1_68' title='bbox 1399 702 1491 726; x_wconf 70' lang='lat' dir='ltr'>cum</span> 
     </span>
     <span class='ocr_line' id='line_1_10' title="bbox 98 752 1492 804; baseline 0.001 -14"><span class='ocrx_word' id='word_1_69' title='bbox 98 752 256 791; x_wconf 86' lang='lat' dir='ltr'>duobus</span> <span class='ocrx_word' id='word_1_70' title='bbox 305 752 475 790; x_wconf 85' lang='lat' dir='ltr'>milibus</span> <span class='ocrx_word' id='word_1_71' title='bbox 511 753 700 802; x_wconf 87' lang='lat' dir='ltr'>equitum</span> <span class='ocrx_word' id='word_1_72' title='bbox 739 753 787 790; x_wconf 84' lang='lat' dir='ltr'>ad</span> <span class='ocrx_word' id='word_1_73' title='bbox 827 754 988 802; x_wconf 86' lang='lat' dir='ltr'>portam</span> <span class='ocrx_word' id='word_1_74' title='bbox 1029 753 1231 791; x_wconf 79' lang='lat' dir='ltr'>Collinam</span> <span class='ocrx_word' id='word_1_75' title='bbox 1279 767 1404 804; x_wconf 89' lang='lat' dir='ltr'>usque</span> <span class='ocrx_word' id='word_1_76' title='bbox 1443 755 1492 792; x_wconf 76' lang='lat' dir='ltr'>ad</span> 
     </span>
     <span class='ocr_line' id='line_1_11' title="bbox 99 818 1494 869; baseline 0.001 -13"><span class='ocrx_word' id='word_1_77' title='bbox 99 818 291 856; x_wconf 77' lang='lat' dir='ltr'>Herculis</span> <span class='ocrx_word' id='word_1_78' title='bbox 340 818 544 867; x_wconf 88' lang='lat' dir='ltr'>templum</span> <span class='ocrx_word' id='word_1_79' title='bbox 590 820 652 856; x_wconf 80' lang='lat' dir='ltr'>est</span> <span class='ocrx_word' id='word_1_80' title='bbox 690 831 927 868; x_wconf 78' lang='lat' dir='ltr'>progressus·</span> <span class='ocrx_word' id='word_1_81' title='bbox 972 821 1104 868; x_wconf 81' lang='lat' dir='ltr'>atque.</span> <span class='ocrx_word' id='word_1_82' title='bbox 1147 820 1255 857; x_wconf 86' lang='lat' dir='ltr'>unde</span> <span class='ocrx_word' id='word_1_83' title='bbox 1309 819 1494 869; x_wconf 82' lang='lat' dir='ltr'>proxime</span> 
     </span>
     <span class='ocr_line' id='line_1_12' title="bbox 97 883 1491 934; baseline 0 -12"><span class='ocrx_word' id='word_1_84' title='bbox 97 887 265 934; x_wconf 86' lang='lat' dir='ltr'>poterat,</span> <span class='ocrx_word' id='word_1_85' title='bbox 296 884 457 922; x_wconf 88' lang='lat' dir='ltr'>moenia</span> <span class='ocrx_word' id='word_1_86' title='bbox 485 884 694 933; x_wconf 89' lang='lat' dir='ltr'>situmque</span> <span class='ocrx_word' id='word_1_87' title='bbox 716 883 829 922; x_wconf 90' lang='lat' dir='ltr'>urbis</span> <span class='ocrx_word' id='word_1_88' title='bbox 859 884 1103 934; x_wconf 70' lang='lat' dir='ltr'>obequitans</span> <span class='ocrx_word' id='word_1_89' title='bbox 1124 884 1491 934; x_wconf 79' lang='lat' dir='ltr'>contemplabatur.</span> 
     </span>
    </p>

    <p class='ocr_par' dir='ltr' id='par_1_4' title="bbox 63 949 1495 1065">
     <span class='ocr_line' id='line_1_13' title="bbox 63 949 1495 999; baseline -0.001 -10"><span class='ocrx_word' id='word_1_90' title='bbox 63 962 78 990; x_wconf 82' lang='lat'>4</span> <span class='ocrx_word' id='word_1_91' title='bbox 98 950 137 988; x_wconf 84' lang='lat' dir='ltr'>id</span> <span class='ocrx_word' id='word_1_92' title='bbox 153 963 248 988; x_wconf 89' lang='lat' dir='ltr'>eum</span> <span class='ocrx_word' id='word_1_93' title='bbox 262 951 348 987; x_wconf 88' lang='lat' dir='ltr'>tam</span> <span class='ocrx_word' id='word_1_94' title='bbox 365 949 538 987; x_wconf 80' lang='lat' dir='ltr'>licenter</span> <span class='ocrx_word' id='word_1_95' title='bbox 552 952 675 999; x_wconf 85' lang='lat' dir='ltr'>atque</span> <span class='ocrx_word' id='word_1_96' title='bbox 689 949 815 987; x_wconf 86' lang='lat' dir='ltr'>otiose</span> <span class='ocrx_word' id='word_1_97' title='bbox 828 950 954 987; x_wconf 84' lang='lat' dir='ltr'>facere</span> <span class='ocrx_word' id='word_1_98' title='bbox 971 950 1113 988; x_wconf 83' lang='lat' dir='ltr'>Flacco</span> <span class='ocrx_word' id='word_1_99' title='bbox 1124 949 1343 999; x_wconf 85' lang='lat' dir='ltr'>indignum</span> <span class='ocrx_word' id='word_1_100' title='bbox 1358 949 1495 987; x_wconf 87' lang='lat' dir='ltr'>uisum</span> 
     </span>
     <span class='ocr_line' id='line_1_14' title="bbox 98 1015 1495 1065; baseline 0 -13"><span class='ocrx_word' id='word_1_101' title='bbox 98 1018 183 1062; x_wconf 71' lang='lat' dir='ltr'>est3</span> <span class='ocrx_word' id='word_1_102' title='bbox 219 1016 355 1064; x_wconf 88' lang='lat' dir='ltr'>itaque</span> <span class='ocrx_word' id='word_1_103' title='bbox 389 1015 565 1053; x_wconf 86' lang='lat' dir='ltr'>immisit</span> <span class='ocrx_word' id='word_1_104' title='bbox 596 1015 755 1064; x_wconf 85' lang='lat' dir='ltr'>equites</span> <span class='ocrx_word' id='word_1_105' title='bbox 781 1016 1116 1065; x_wconf 85' lang='lat' dir='ltr'>summouerique</span> <span class='ocrx_word' id='word_1_106' title='bbox 1145 1018 1267 1065; x_wconf 85' lang='lat' dir='ltr'>atque</span> <span class='ocrx_word' id='word_1_107' title='bbox 1295 1016 1337 1053; x_wconf 91' lang='lat' dir='ltr'>in</span> <span class='ocrx_word' id='word_1_108' title='bbox 1365 1018 1495 1053; x_wconf 82' lang='lat' dir='ltr'>castra</span> 
     </span>
    </p>

    <p class='ocr_par' dir='ltr' id='par_1_5' title="bbox 63 1080 1497 1266">
     <span class='ocr_line' id='line_1_15' title="bbox 63 1080 1494 1131; baseline -0.001 -11"><span class='ocrx_word' id='word_1_109' title='bbox 63 1091 80 1120; x_wconf 79' lang='lat'>5</span> <span class='ocrx_word' id='word_1_110' title='bbox 99 1081 229 1131; x_wconf 80' lang='lat' dir='ltr'>redigi</span> <span class='ocrx_word' id='word_1_111' title='bbox 250 1080 432 1119; x_wconf 86' lang='lat' dir='ltr'>hostium</span> <span class='ocrx_word' id='word_1_112' title='bbox 460 1081 691 1130; x_wconf 81' lang='lat' dir='ltr'>equitatum</span> <span class='ocrx_word' id='word_1_113' title='bbox 723 1081 852 1119; x_wconf 90' lang='lat' dir='ltr'>iussit.</span> <span class='ocrx_word' id='word_1_114' title='bbox 886 1094 979 1119; x_wconf 82' lang='lat' dir='ltr'>cum</span> <span class='ocrx_word' id='word_1_115' title='bbox 1001 1082 1272 1119; x_wconf 85' lang='lat' dir='ltr'>commissum</span> <span class='ocrx_word' id='word_1_116' title='bbox 1294 1080 1494 1130; x_wconf 85' lang='lat' dir='ltr'>proelium</span> 
     </span>
     <span class='ocr_line' id='line_1_16' title="bbox 98 1145 1494 1196; baseline -0.001 -12"><span class='ocrx_word' id='word_1_117' title='bbox 98 1149 217 1194; x_wconf 77' lang='lat' dir='ltr'>esset,</span> <span class='ocrx_word' id='word_1_118' title='bbox 241 1145 431 1184; x_wconf 83' lang='lat' dir='ltr'>consules</span> <span class='ocrx_word' id='word_1_119' title='bbox 453 1146 684 1196; x_wconf 71' lang='lat' dir='ltr'>transfugas</span> <span class='ocrx_word' id='word_1_120' title='bbox 706 1146 994 1195; x_wconf 67' lang='lat' dir='ltr'>Numidarum,</span> <span class='ocrx_word' id='word_1_121' title='bbox 1019 1147 1197 1196; x_wconf 86' lang='lat' dir='ltr'>quitum</span> <span class='ocrx_word' id='word_1_122' title='bbox 1219 1147 1261 1184; x_wconf 93' lang='lat' dir='ltr'>in</span> <span class='ocrx_word' id='word_1_123' title='bbox 1282 1147 1494 1185; x_wconf 79' lang='lat' dir='ltr'>Auentino</span> 
     </span>
     <span class='ocr_line' id='line_1_17' title="bbox 99 1211 1497 1266; baseline -0.001 -16"><span class='ocrx_word' id='word_1_124' title='bbox 99 1213 148 1250; x_wconf 79' lang='lat' dir='ltr'>ad</span> <span class='ocrx_word' id='word_1_125' title='bbox 172 1212 287 1266; x_wconf 80' lang='lat' dir='ltr'>mille</span> <span class='ocrx_word' id='word_1_126' title='bbox 314 1214 354 1249; x_wconf 90' lang='lat' dir='ltr'>et</span> <span class='ocrx_word' id='word_1_127' title='bbox 383 1211 546 1249; x_wconf 86' lang='lat' dir='ltr'>(lucenti</span> <span class='ocrx_word' id='word_1_128' title='bbox 574 1214 699 1259; x_wconf 79' lang='lat' dir='ltr'>erant,</span> <span class='ocrx_word' id='word_1_129' title='bbox 724 1212 858 1250; x_wconf 80' lang='lat' dir='ltr'>media</span> <span class='ocrx_word' id='word_1_130' title='bbox 878 1212 979 1250; x_wconf 87' lang='lat' dir='ltr'>urbe</span> <span class='ocrx_word' id='word_1_131' title='bbox 1000 1213 1174 1250; x_wconf 89' lang='lat' dir='ltr'>transire</span> <span class='ocrx_word' id='word_1_132' title='bbox 1196 1212 1399 1261; x_wconf 84' lang='lat' dir='ltr'>Esquilias</span> <span class='ocrx_word' id='word_1_133' title='bbox 1421 1213 1497 1250; x_wconf 83' lang='lat' dir='ltr'>ius-</span> 
     </span>
    </p>

    <p class='ocr_par' dir='ltr' id='par_1_6' title="bbox 64 1277 1499 1525">
     <span class='ocr_line' id='line_1_18' title="bbox 64 1277 1497 1327; baseline 0 -11"><span class='ocrx_word' id='word_1_134' title='bbox 64 1287 81 1316; x_wconf 77' lang='lat'>6</span> <span class='ocrx_word' id='word_1_135' title='bbox 100 1280 253 1325; x_wconf 89' lang='lat' dir='ltr'>serunt,</span> <span class='ocrx_word' id='word_1_136' title='bbox 278 1277 416 1315; x_wconf 86' lang='lat' dir='ltr'>nullos</span> <span class='ocrx_word' id='word_1_137' title='bbox 436 1277 614 1327; x_wconf 78' lang='lat' dir='ltr'>aptiores</span> <span class='ocrx_word' id='word_1_138' title='bbox 636 1278 746 1315; x_wconf 90' lang='lat' dir='ltr'>inter</span> <span class='ocrx_word' id='word_1_139' title='bbox 771 1278 979 1315; x_wconf 84' lang='lat' dir='ltr'>conualles</span> <span class='ocrx_word' id='word_1_140' title='bbox 1006 1280 1192 1327; x_wconf 81' lang='lat' dir='ltr'>tectaque</span> <span class='ocrx_word' id='word_1_141' title='bbox 1213 1278 1426 1316; x_wconf 84' lang='lat' dir='ltr'>hortorum</span> <span class='ocrx_word' id='word_1_142' title='bbox 1457 1281 1497 1316; x_wconf 89' lang='lat' dir='ltr'>et</span> 
     </span>
     <span class='ocr_line' id='line_1_19' title="bbox 100 1343 1492 1394; baseline 0.001 -13"><span class='ocrx_word' id='word_1_143' title='bbox 100 1344 283 1394; x_wconf 84' lang='lat' dir='ltr'>sepulcra</span> <span class='ocrx_word' id='word_1_144' title='bbox 314 1346 352 1381; x_wconf 92' lang='lat' dir='ltr'>et</span> <span class='ocrx_word' id='word_1_145' title='bbox 375 1357 493 1381; x_wconf 83' lang='lat' dir='ltr'>cauas</span> <span class='ocrx_word' id='word_1_146' title='bbox 526 1343 709 1392; x_wconf 79' lang='lat' dir='ltr'>undique</span> <span class='ocrx_word' id='word_1_147' title='bbox 730 1343 819 1381; x_wconf 84' lang='lat' dir='ltr'>uias</span> <span class='ocrx_word' id='word_1_148' title='bbox 839 1344 887 1381; x_wconf 86' lang='lat' dir='ltr'>ad</span> <span class='ocrx_word' id='word_1_149' title='bbox 916 1344 1188 1393; x_wconf 83' lang='lat' dir='ltr'>pugnandum</span> <span class='ocrx_word' id='word_1_150' title='bbox 1215 1344 1375 1381; x_wconf 85' lang='lat' dir='ltr'>futuros</span> <span class='ocrx_word' id='word_1_151' title='bbox 1404 1344 1492 1383; x_wconf 82' lang='lat' dir='ltr'>rati.</span> 
     </span>
     <span class='ocr_line' id='line_1_20' title="bbox 100 1408 1499 1459; baseline 0.001 -13"><span class='ocrx_word' id='word_1_152' title='bbox 100 1423 201 1459; x_wconf 85' lang='lat' dir='ltr'>quos</span> <span class='ocrx_word' id='word_1_153' title='bbox 226 1422 321 1447; x_wconf 82' lang='lat' dir='ltr'>cuin</span> <span class='ocrx_word' id='word_1_154' title='bbox 344 1422 392 1447; x_wconf 84' lang='lat' dir='ltr'>ex</span> <span class='ocrx_word' id='word_1_155' title='bbox 414 1422 503 1447; x_wconf 85' lang='lat' dir='ltr'>arce</span> <span class='ocrx_word' id='word_1_156' title='bbox 525 1409 809 1459; x_wconf 83' lang='lat' dir='ltr'>Capitolioque</span> <span class='ocrx_word' id='word_1_157' title='bbox 829 1409 936 1447; x_wconf 87' lang='lat' dir='ltr'>cliuo</span> <span class='ocrx_word' id='word_1_158' title='bbox 958 1408 1147 1447; x_wconf 88' lang='lat' dir='ltr'>Publicio</span> <span class='ocrx_word' id='word_1_159' title='bbox 1166 1409 1207 1446; x_wconf 94' lang='lat' dir='ltr'>in</span> <span class='ocrx_word' id='word_1_160' title='bbox 1228 1409 1343 1458; x_wconf 86' lang='lat' dir='ltr'>equis</span> <span class='ocrx_word' id='word_1_161' title='bbox 1363 1408 1499 1448; x_wconf 81' lang='lat' dir='ltr'>decur-</span> 
     </span>
     <span class='ocr_line' id='line_1_21' title="bbox 101 1474 1494 1525; baseline -0.001 -12"><span class='ocrx_word' id='word_1_162' title='bbox 101 1475 231 1513; x_wconf 88' lang='lat' dir='ltr'>rentis</span> <span class='ocrx_word' id='word_1_163' title='bbox 247 1475 412 1525; x_wconf 81' lang='lat' dir='ltr'>quidam</span> <span class='ocrx_word' id='word_1_164' title='bbox 429 1474 641 1522; x_wconf 77' lang='lat' dir='ltr'>uidissent,</span> <span class='ocrx_word' id='word_1_165' title='bbox 660 1476 824 1524; x_wconf 85' lang='lat' dir='ltr'>captum</span> <span class='ocrx_word' id='word_1_166' title='bbox 839 1475 1101 1512; x_wconf 84' lang='lat' dir='ltr'>Auentinum</span> <span class='ocrx_word' id='word_1_167' title='bbox 1118 1474 1494 1513; x_wconf 86' lang='lat' dir='ltr'>conclamauerunt.</span> 
     </span>
    </p>

    <p class='ocr_par' dir='ltr' id='par_1_7' title="bbox 65 1540 1498 1721">
     <span class='ocr_line' id='line_1_22' title="bbox 65 1540 1498 1589; baseline 0 -11"><span class='ocrx_word' id='word_1_168' title='bbox 65 1551 81 1579; x_wconf 76' lang='grc' dir='ltr'><strong>τ</strong></span> <span class='ocrx_word' id='word_1_169' title='bbox 101 1554 147 1579; x_wconf 89' lang='lat' dir='ltr'>ea</span> <span class='ocrx_word' id='word_1_170' title='bbox 171 1554 234 1579; x_wconf 88' lang='lat' dir='ltr'>res</span> <span class='ocrx_word' id='word_1_171' title='bbox 262 1543 426 1579; x_wconf 86' lang='lat' dir='ltr'>tantum</span> <span class='ocrx_word' id='word_1_172' title='bbox 455 1540 683 1578; x_wconf 81' lang='lat' dir='ltr'>tumultum</span> <span class='ocrx_word' id='word_1_173' title='bbox 714 1553 757 1577; x_wconf 85' lang='lat' dir='ltr'>ac</span> <span class='ocrx_word' id='word_1_174' title='bbox 785 1540 926 1589; x_wconf 86' lang='lat' dir='ltr'>fugam</span> <span class='ocrx_word' id='word_1_175' title='bbox 947 1540 1148 1589; x_wconf 84' lang='lat' dir='ltr'>praebuit,</span> <span class='ocrx_word' id='word_1_176' title='bbox 1176 1541 1232 1588; x_wconf 86' lang='lat' dir='ltr'>ut,</span> <span class='ocrx_word' id='word_1_177' title='bbox 1261 1540 1339 1578; x_wconf 85' lang='lat' dir='ltr'>nisi</span> <span class='ocrx_word' id='word_1_178' title='bbox 1367 1542 1498 1578; x_wconf 83' lang='lat' dir='ltr'>castra</span> 
     </span>
     <span class='ocr_line' id='line_1_23' title="bbox 102 1605 1497 1655; baseline -0.001 -11"><span class='ocrx_word' id='word_1_179' title='bbox 102 1606 260 1645; x_wconf 89' lang='lat' dir='ltr'>Punica</span> <span class='ocrx_word' id='word_1_180' title='bbox 279 1608 393 1644; x_wconf 78' lang='lat' dir='ltr'>extra</span> <span class='ocrx_word' id='word_1_181' title='bbox 421 1606 565 1643; x_wconf 88' lang='lat' dir='ltr'>urbem</span> <span class='ocrx_word' id='word_1_182' title='bbox 586 1605 770 1652; x_wconf 82' lang='lat' dir='ltr'>fuissent,</span> <span class='ocrx_word' id='word_1_183' title='bbox 791 1606 967 1644; x_wconf 81' lang='lat' dir='ltr'>effusura</span> <span class='ocrx_word' id='word_1_184' title='bbox 982 1618 1025 1643; x_wconf 87' lang='lat' dir='ltr'>se</span> <span class='ocrx_word' id='word_1_185' title='bbox 1046 1605 1181 1643; x_wconf 90' lang='lat' dir='ltr'>omnis</span> <span class='ocrx_word' id='word_1_186' title='bbox 1197 1605 1346 1655; x_wconf 84' lang='lat' dir='ltr'>pauida</span> <span class='ocrx_word' id='word_1_187' title='bbox 1361 1605 1497 1643; x_wconf 86' lang='lat' dir='ltr'>multi-</span> 
     </span>
     <span class='ocr_line' id='line_1_24' title="bbox 100 1671 1498 1721; baseline -0.002 -10"><span class='ocrx_word' id='word_1_188' title='bbox 100 1673 200 1711; x_wconf 86' lang='lat' dir='ltr'>tudo</span> <span class='ocrx_word' id='word_1_189' title='bbox 213 1672 356 1712; x_wconf 88' lang='lat' dir='ltr'>fuerit:</span> <span class='ocrx_word' id='word_1_190' title='bbox 377 1674 475 1710; x_wconf 83' lang='lat' dir='ltr'>tunc</span> <span class='ocrx_word' id='word_1_191' title='bbox 494 1672 535 1709; x_wconf 93' lang='lat' dir='ltr'>in</span> <span class='ocrx_word' id='word_1_192' title='bbox 549 1671 692 1709; x_wconf 86' lang='lat' dir='ltr'>domos</span> <span class='ocrx_word' id='word_1_193' title='bbox 706 1674 828 1721; x_wconf 87' lang='lat' dir='ltr'>atque</span> <span class='ocrx_word' id='word_1_194' title='bbox 844 1671 886 1709; x_wconf 91' lang='lat' dir='ltr'>in</span> <span class='ocrx_word' id='word_1_195' title='bbox 900 1674 1007 1709; x_wconf 87' lang='lat' dir='ltr'>tecta</span> <span class='ocrx_word' id='word_1_196' title='bbox 1024 1671 1278 1720; x_wconf 86' lang='lat' dir='ltr'>refugiebant</span> <span class='ocrx_word' id='word_1_197' title='bbox 1295 1684 1498 1720; x_wconf 84' lang='lat' dir='ltr'>uagosque</span> 
     </span>
    </p>

    <p class='ocr_par' dir='ltr' id='par_1_8' title="bbox 66 1736 1499 1920">
     <span class='ocr_line' id='line_1_25' title="bbox 66 1736 1496 1787; baseline -0.003 -11"><span class='ocrx_word' id='word_1_198' title='bbox 66 1751 82 1778; x_wconf 80' lang='lat' dir='ltr'>s</span> <span class='ocrx_word' id='word_1_199' title='bbox 104 1739 146 1776; x_wconf 90' lang='lat' dir='ltr'>in</span> <span class='ocrx_word' id='word_1_200' title='bbox 168 1738 247 1776; x_wconf 87' lang='lat' dir='ltr'>uiis</span> <span class='ocrx_word' id='word_1_201' title='bbox 268 1750 443 1786; x_wconf 78' lang='lat' dir='ltr'>suospro</span> <span class='ocrx_word' id='word_1_202' title='bbox 460 1737 647 1775; x_wconf 82' lang='lat' dir='ltr'>hostibus</span> <span class='ocrx_word' id='word_1_203' title='bbox 669 1737 876 1787; x_wconf 84' lang='lat' dir='ltr'>lapidibus</span> <span class='ocrx_word' id='word_1_204' title='bbox 898 1736 1073 1786; x_wconf 89' lang='lat' dir='ltr'>telisque</span> <span class='ocrx_word' id='word_1_205' title='bbox 1094 1736 1361 1775; x_wconf 80' lang='lat' dir='ltr'>incessebant.</span> <span class='ocrx_word' id='word_1_206' title='bbox 1425 1750 1496 1774; x_wconf 82' lang='lat' dir='ltr'>nec</span> 
     </span>
     <span class='ocr_line' id='line_1_26' title="bbox 101 1801 1499 1854; baseline -0.002 -12"><span class='ocrx_word' id='word_1_207' title='bbox 101 1804 318 1854; x_wconf 84' lang='lat' dir='ltr'>comprimi</span> <span class='ocrx_word' id='word_1_208' title='bbox 333 1803 541 1841; x_wconf 86' lang='lat' dir='ltr'>tumultus</span> <span class='ocrx_word' id='word_1_209' title='bbox 557 1803 788 1852; x_wconf 88' lang='lat' dir='ltr'>aperirique</span> <span class='ocrx_word' id='word_1_210' title='bbox 803 1816 915 1840; x_wconf 84' lang='lat' dir='ltr'>error</span> <span class='ocrx_word' id='word_1_211' title='bbox 930 1804 1089 1852; x_wconf 85' lang='lat' dir='ltr'>poterat</span> <span class='ocrx_word' id='word_1_212' title='bbox 1103 1802 1262 1840; x_wconf 88' lang='lat' dir='ltr'>refertis</span> <span class='ocrx_word' id='word_1_213' title='bbox 1278 1801 1499 1840; x_wconf 80' lang='lat' dir='ltr'>itineribus</span> 
     </span>
     <span class='ocr_line' id='line_1_27' title="bbox 100 1867 1498 1920; baseline -0.002 -12"><span class='ocrx_word' id='word_1_214' title='bbox 100 1871 325 1920; x_wconf 82' lang='lat' dir='ltr'>agrestium</span> <span class='ocrx_word' id='word_1_215' title='bbox 342 1869 461 1907; x_wconf 89' lang='lat' dir='ltr'>turba</span> <span class='ocrx_word' id='word_1_216' title='bbox 477 1881 763 1918; x_wconf 74' lang='lat' dir='ltr'>pecorumque,</span> <span class='ocrx_word' id='word_1_217' title='bbox 782 1881 882 1917; x_wconf 89' lang='lat' dir='ltr'>quae</span> <span class='ocrx_word' id='word_1_218' title='bbox 896 1868 1136 1917; x_wconf 89' lang='lat' dir='ltr'>repentinus</span> <span class='ocrx_word' id='word_1_219' title='bbox 1150 1881 1277 1917; x_wconf 87' lang='lat' dir='ltr'>pauor</span> <span class='ocrx_word' id='word_1_220' title='bbox 1294 1867 1337 1905; x_wconf 90' lang='lat' dir='ltr'>in</span> <span class='ocrx_word' id='word_1_221' title='bbox 1354 1867 1498 1905; x_wconf 85' lang='lat' dir='ltr'>urbem</span> 
     </span>
    </p>

    <p class='ocr_par' dir='ltr' id='par_1_9' title="bbox 66 1933 1499 2180">
     <span class='ocr_line' id='line_1_28' title="bbox 66 1933 1499 1985; baseline -0.001 -13"><span class='ocrx_word' id='word_1_222' title='bbox 66 1946 83 1972; x_wconf 71' lang='lat'>9</span> <span class='ocrx_word' id='word_1_223' title='bbox 101 1935 367 1985; x_wconf 77' lang='lat' dir='ltr'>compulerat.</span> <span class='ocrx_word' id='word_1_224' title='bbox 427 1936 613 1983; x_wconf 85' lang='lat' dir='ltr'>equestre</span> <span class='ocrx_word' id='word_1_225' title='bbox 634 1934 834 1983; x_wconf 87' lang='lat' dir='ltr'>proelium</span> <span class='ocrx_word' id='word_1_226' title='bbox 856 1933 1084 1972; x_wconf 83' lang='lat' dir='ltr'>secundum</span> <span class='ocrx_word' id='word_1_227' title='bbox 1106 1933 1194 1974; x_wconf 81' lang='lat' dir='ltr'>fuit.</span> <span class='ocrx_word' id='word_1_228' title='bbox 1218 1933 1499 1982; x_wconf 88' lang='lat' dir='ltr'>summotique</span> 
     </span>
     <span class='ocr_line' id='line_1_29' title="bbox 102 1998 1498 2049; baseline -0.002 -10"><span class='ocrx_word' id='word_1_229' title='bbox 102 2001 241 2039; x_wconf 88' lang='lat' dir='ltr'>hostes</span> <span class='ocrx_word' id='word_1_230' title='bbox 273 2001 381 2038; x_wconf 90' lang='lat' dir='ltr'>sunt.</span> <span class='ocrx_word' id='word_1_231' title='bbox 443 2002 481 2037; x_wconf 90' lang='lat' dir='ltr'>et</span> <span class='ocrx_word' id='word_1_232' title='bbox 521 2000 616 2049; x_wconf 88' lang='lat' dir='ltr'>quia</span> <span class='ocrx_word' id='word_1_233' title='bbox 656 1998 802 2037; x_wconf 89' lang='lat' dir='ltr'>multis</span> <span class='ocrx_word' id='word_1_234' title='bbox 831 1999 931 2037; x_wconf 86' lang='lat' dir='ltr'>locis</span> <span class='ocrx_word' id='word_1_235' title='bbox 960 1999 1260 2048; x_wconf 84' lang='lat' dir='ltr'>comprimendi</span> <span class='ocrx_word' id='word_1_236' title='bbox 1290 1998 1498 2037; x_wconf 86' lang='lat' dir='ltr'>tumultus</span> 
     </span>
     <span class='ocr_line' id='line_1_30' title="bbox 102 2063 1495 2116; baseline -0.002 -12"><span class='ocrx_word' id='word_1_237' title='bbox 102 2068 232 2114; x_wconf 75' lang='lat' dir='ltr'>erant,</span> <span class='ocrx_word' id='word_1_238' title='bbox 253 2066 322 2116; x_wconf 89' lang='lat' dir='ltr'>qui</span> <span class='ocrx_word' id='word_1_239' title='bbox 348 2067 503 2103; x_wconf 87' lang='lat' dir='ltr'>temere</span> <span class='ocrx_word' id='word_1_240' title='bbox 529 2065 778 2112; x_wconf 85' lang='lat' dir='ltr'>oriebantur,</span> <span class='ocrx_word' id='word_1_241' title='bbox 810 2065 963 2114; x_wconf 82' lang='lat' dir='ltr'>placuit</span> <span class='ocrx_word' id='word_1_242' title='bbox 992 2077 1145 2111; x_wconf 88' lang='lat' dir='ltr'>omnes,</span> <span class='ocrx_word' id='word_1_243' title='bbox 1170 2064 1242 2114; x_wconf 89' lang='lat' dir='ltr'>qui</span> <span class='ocrx_word' id='word_1_244' title='bbox 1266 2063 1495 2106; x_wconf 81' lang='lat' dir='ltr'>dictatores,</span> 
     </span>
     <span class='ocr_line' id='line_1_31' title="bbox 103 2129 1498 2180; baseline -0.003 -10"><span class='ocrx_word' id='word_1_245' title='bbox 103 2131 290 2170; x_wconf 81' lang='lat' dir='ltr'>consules</span> <span class='ocrx_word' id='word_1_246' title='bbox 322 2144 561 2169; x_wconf 84' lang='lat' dir='ltr'>censoresue</span> <span class='ocrx_word' id='word_1_247' title='bbox 583 2131 766 2171; x_wconf 81' lang='lat' dir='ltr'>fuissent.</span> <span class='ocrx_word' id='word_1_248' title='bbox 791 2144 884 2168; x_wconf 88' lang='lat' dir='ltr'>cum</span> <span class='ocrx_word' id='word_1_249' title='bbox 906 2130 1076 2180; x_wconf 89' lang='lat' dir='ltr'>imperio</span> <span class='ocrx_word' id='word_1_250' title='bbox 1097 2142 1194 2177; x_wconf 70' lang='lat' dir='ltr'>esse,</span> <span class='ocrx_word' id='word_1_251' title='bbox 1220 2129 1346 2167; x_wconf 85' lang='lat' dir='ltr'>donec</span> <span class='ocrx_word' id='word_1_252' title='bbox 1375 2143 1498 2167; x_wconf 84' lang='lat' dir='ltr'>reces-</span> 
     </span>
    </p>

    <p class='ocr_par' dir='ltr' id='par_1_10' title="bbox 50 2195 1498 2313">
     <span class='ocr_line' id='line_1_32' title="bbox 50 2195 1498 2245; baseline -0.003 -9"><span class='ocrx_word' id='word_1_253' title='bbox 50 2209 84 2237; x_wconf 88' lang='lat'>10</span> <span class='ocrx_word' id='word_1_254' title='bbox 103 2198 222 2236; x_wconf 82' lang='lat' dir='ltr'>sisset</span> <span class='ocrx_word' id='word_1_255' title='bbox 238 2210 260 2235; x_wconf 90' lang='lat' dir='ltr'>a</span> <span class='ocrx_word' id='word_1_256' title='bbox 279 2196 411 2235; x_wconf 86' lang='lat' dir='ltr'>muris</span> <span class='ocrx_word' id='word_1_257' title='bbox 437 2196 579 2234; x_wconf 86' lang='lat' dir='ltr'>hostis.</span> <span class='ocrx_word' id='word_1_258' title='bbox 639 2198 676 2233; x_wconf 88' lang='lat' dir='ltr'>et</span> <span class='ocrx_word' id='word_1_259' title='bbox 699 2196 777 2234; x_wconf 82' lang='lat' dir='ltr'>diei</span> <span class='ocrx_word' id='word_1_260' title='bbox 803 2195 910 2245; x_wconf 85' lang='lat' dir='ltr'>quod</span> <span class='ocrx_word' id='word_1_261' title='bbox 940 2195 1111 2234; x_wconf 88' lang='lat' dir='ltr'>relicum</span> <span class='ocrx_word' id='word_1_262' title='bbox 1132 2195 1210 2233; x_wconf 90' lang='lat' dir='ltr'>fuit</span> <span class='ocrx_word' id='word_1_263' title='bbox 1235 2196 1275 2232; x_wconf 85' lang='lat' dir='ltr'>et</span> <span class='ocrx_word' id='word_1_264' title='bbox 1302 2196 1421 2232; x_wconf 85' lang='lat' dir='ltr'>nocte</span> <span class='ocrx_word' id='word_1_265' title='bbox 1442 2195 1498 2232; x_wconf 92' lang='lat' dir='ltr'>in-</span> 
     </span>
     <span class='ocr_line' id='line_1_33' title="bbox 104 2261 1476 2313; baseline -0.001 -12"><span class='ocrx_word' id='word_1_266' title='bbox 104 2263 294 2313; x_wconf 84' lang='lat' dir='ltr'>sequenti</span> <span class='ocrx_word' id='word_1_267' title='bbox 314 2262 437 2300; x_wconf 78' lang='lat' dir='ltr'>multi</span> <span class='ocrx_word' id='word_1_268' title='bbox 462 2265 617 2300; x_wconf 88' lang='lat' dir='ltr'>temere</span> <span class='ocrx_word' id='word_1_269' title='bbox 638 2261 804 2300; x_wconf 80' lang='lat' dir='ltr'>excitati</span> <span class='ocrx_word' id='word_1_270' title='bbox 822 2262 1028 2299; x_wconf 87' lang='lat' dir='ltr'>tumultus</span> <span class='ocrx_word' id='word_1_271' title='bbox 1045 2262 1142 2298; x_wconf 87' lang='lat' dir='ltr'>sunt</span> <span class='ocrx_word' id='word_1_272' title='bbox 1163 2261 1476 2310; x_wconf 82' lang='lat' dir='ltr'>compressique.</span> 
     </span>
    </p>

    <p class='ocr_par' dir='ltr' id='par_1_11' title="bbox 70 2325 1498 2444">
     <span class='ocr_line' id='line_1_34' title="bbox 70 2325 1497 2376; baseline 0 -13"><span class='ocrx_word' id='word_1_273' title='bbox 70 2336 81 2363; x_wconf 84' lang='lat'>1</span> <span class='ocrx_word' id='word_1_274' title='bbox 158 2329 234 2367; x_wconf 86' lang='lat' dir='ltr'>XI.</span> <span class='ocrx_word' id='word_1_275' title='bbox 267 2328 438 2366; x_wconf 79' lang='lat' dir='ltr'>Postero</span> <span class='ocrx_word' id='word_1_276' title='bbox 458 2328 523 2365; x_wconf 84' lang='lat' dir='ltr'>die</span> <span class='ocrx_word' id='word_1_277' title='bbox 543 2330 820 2376; x_wconf 83' lang='lat' dir='ltr'>transgressus</span> <span class='ocrx_word' id='word_1_278' title='bbox 841 2328 1046 2364; x_wconf 72' lang='lat' dir='ltr'>Anienem</span> <span class='ocrx_word' id='word_1_279' title='bbox 1075 2325 1284 2364; x_wconf 86' lang='lat' dir='ltr'>Hannibal</span> <span class='ocrx_word' id='word_1_280' title='bbox 1306 2326 1348 2363; x_wconf 89' lang='lat' dir='ltr'>in</span> <span class='ocrx_word' id='word_1_281' title='bbox 1369 2327 1497 2364; x_wconf 85' lang='lat' dir='ltr'>aciem</span> 
     </span>
     <span class='ocr_line' id='line_1_35' title="bbox 104 2392 1498 2444; baseline -0.002 -11"><span class='ocrx_word' id='word_1_282' title='bbox 104 2396 237 2434; x_wconf 88' lang='lat' dir='ltr'>omnis</span> <span class='ocrx_word' id='word_1_283' title='bbox 275 2395 412 2444; x_wconf 85' lang='lat' dir='ltr'>copias</span> <span class='ocrx_word' id='word_1_284' title='bbox 450 2394 589 2432; x_wconf 86' lang='lat' dir='ltr'>eduxit</span> <span class='ocrx_word' id='word_1_285' title='bbox 609 2409 616 2439; x_wconf 88' lang='lat'><em>;</em></span> <span class='ocrx_word' id='word_1_286' title='bbox 668 2407 741 2431; x_wconf 89' lang='lat' dir='ltr'>nec</span> <span class='ocrx_word' id='word_1_287' title='bbox 780 2393 947 2432; x_wconf 86' lang='lat' dir='ltr'>Flaccus</span> <span class='ocrx_word' id='word_1_288' title='bbox 985 2392 1253 2442; x_wconf 85' lang='lat' dir='ltr'>consulesque</span> <span class='ocrx_word' id='word_1_289' title='bbox 1291 2394 1498 2435; x_wconf 81' lang='lat' dir='ltr'>certamen</span> 
     </span>
    </p>
   </div>
  </div>
 </body>
</html>
