1672 2594
135 106 186 140 60
569 107 710 142 LIVY.
772 107 927 143 BOOK
960 107 1058 142 XXI
1071 107 1101 143 'I
1325 114 1460 143 CHAP.
1479 118 1530 154 49

134 217 167 254 si
195 219 403 256 auctorem
424 219 626 257 Graecum
658 232 805 269 sequar
834 218 1050 265 Silenum;
1080 218 1115 255 si
1142 218 1355 257 Valerium
1385 218 1528 257 Antia-

134 284 230 330 tem,
265 284 469 322 maiorum
501 285 766 334 scorpionum
800 297 869 322 sex
902 283 1028 331 milia,
1067 283 1281 322 minorum
1317 284 1457 323 decem
1488 286 1529 322 et

133 349 210 387 tria
239 349 378 387 milia:
407 350 504 388 adeo
534 349 674 388 nullus
699 349 930 387 mentiendi
959 349 1106 387 modus
1136 351 1209 388 est.
1270 362 1320 387 ne
1345 349 1394 387 de
1424 348 1531 387 duci-

98 425 114 452 -1
134 415 208 453 bus
239 415 407 464 quidem
440 415 646 453 conuenit.
707 414 889 464 plerique
919 414 1106 453 Laelium
1141 414 1362 464 praeFuisse
1398 414 1528 462 classi,

97 483 229 518 5sunt
261 480 331 530 qui
370 481 423 518 M.
467 480 639 518 Iunium
678 480 865 518 Silanum
900 480 1061 528 dicant;
1111 480 1272 518 Arinen
1306 480 1530 529 praefuisse

132 545 291 583 Punico
329 545 531 595 praesidio
576 545 841 595 deditumque
885 546 1085 583 Romanis
1127 545 1278 584 Antias
1323 545 1524 593 Valerius,

97 621 114 649 13
132 611 348 661 Magonem
376 611 447 649 alii
473 611 693 660 scriptores
721 611 905 649 tradunt.
965 624 1049 649 non
1075 611 1124 649 de
1155 624 1326 649 numero
1357 610 1528 649 nauium

131 679 356 726 captarum,
394 690 478 714 non
513 677 561 714 de
592 676 770 725 pondere
803 676 893 714 auri
923 678 1045 725 atque
1079 675 1239 726 argenti
1268 679 1309 714 et
1343 676 1529 714 redactae

130 742 324 790 pecuniae
363 741 567 780 conuenit.
627 741 662 779 si
690 741 841 791 aliquis
872 741 1069 779 adsentiri
1098 754 1260 779 necesse
1288 742 1361 788 est,
1392 742 1530 780 media

96 807 347 845 Tsimillima
379 808 487 845 ueris
525 809 636 846 sunt.
693 810 875 845 ceterum
908 807 1063 845 uocatis
1099 807 1312 845 obsidibus
1346 806 1529 856 primum

94 884 111 912 8
130 873 346 911 uniuersos
374 873 530 910 bonum
557 872 747 911 animum
773 872 921 910 habere
953 872 1096 910 iussit:
1127 872 1292 911 uenisse
1319 872 1432 911 enim
1460 886 1529 911 eos

128 938 171 976 in
214 938 357 988 populi
397 938 575 976 Romani
612 940 867 988 potestatem.
910 939 979 988 qui
1017 938 1214 976 beneficio
1252 952 1376 988 quam
1414 941 1528 977 metu

128 1004 308 1054 obligare
337 1004 524 1043 homines
555 1004 672 1042 malit
703 1006 942 1053 exterasque
975 1005 1109 1053 gentis
1141 1004 1221 1041 fide
1253 1018 1298 1042 ac
1336 1004 1527 1042 societate

93 1069 288 1109 aiunctas
320 1070 468 1108 habere
503 1083 627 1120 quam
658 1070 767 1108 tristi
801 1070 1005 1108 subiectas
1035 1069 1217 1107 seruitio.
1287 1069 1436 1108 deinde
1469 1083 1527 1108 ac-

127 1137 252 1185 ceptis
284 1135 524 1174 nominibus
553 1135 783 1174 ciuitatium
816 1135 1019 1174 recensuit
1048 1135 1240 1185 captiuos.
1270 1137 1369 1185 quot
1397 1135 1526 1174 cuius-

126 1214 200 1250 que
235 1201 378 1251 populi
412 1204 558 1247 essent,
596 1203 634 1239 et
675 1201 845 1240 nuutios
884 1201 1051 1239 domum
1093 1201 1217 1241 misit,
1261 1207 1303 1238 ut
1343 1200 1392 1238 ad
1432 1214 1526 1239 suos

78 1280 108 1308 ω
126 1266 297 1316 quisque
330 1266 586 1316 recipiendos
622 1267 790 1304 ueniret.
870 1267 903 1304 si
942 1280 1116 1316 quarum
1150 1268 1256 1305 forte
1291 1265 1523 1304 ciuitatium

123 1331 247 1381 legati
284 1332 461 1378 aderant,
503 1331 554 1369 iis
591 1331 876 1381 praesentibus
910 1345 1004 1370 suos
1043 1332 1247 1370 restituit:
1295 1333 1523 1370 ceterorum

125 1411 264 1436 curam
285 1397 463 1447 benigne
492 1398 744 1436 tuendorum
775 1399 815 1436 C.
851 1397 1053 1435 Flaminio
1081 1397 1287 1447 quaestori
1316 1397 1519 1437 attribuit.

74 1475 105 1502 11
124 1463 232 1501 inter
251 1463 349 1501 haec
370 1477 390 1501 e
411 1463 548 1501 media
568 1463 690 1501 turba
715 1463 905 1501 obsidum
932 1463 1082 1501 mulier
1102 1477 1252 1513 magno
1273 1466 1384 1512 natu,
1407 1463 1521 1502 Man-

124 1529 223 1567 doni
251 1542 362 1576 uxor.
390 1528 460 1578 qui
490 1529 616 1566 frater
646 1528 840 1566 Indibilis
871 1528 1096 1578 Ilergetum
1128 1529 1260 1579 reguli
1290 1531 1385 1577 erat,
1418 1529 1522 1568 flens

121 1594 171 1632 ad
189 1594 310 1643 pedes
331 1594 590 1643 imperatoris
609 1594 829 1643 procubuit
850 1594 1127 1644 obtestarique
1148 1595 1290 1644 coepit,
1315 1597 1361 1632 ut
1379 1608 1520 1632 curam

123 1660 362 1708 cultumque
392 1659 642 1696 feminarum
673 1659 902 1708 impensius
930 1660 1170 1698 custodibus
1198 1661 1516 1699 commendaret.

70 1736 103 1765 12
121 1739 214 1763 cum
237 1725 373 1774 Scipio
402 1725 509 1762 nihil
534 1725 774 1762 defuturum
802 1725 854 1763 iis
884 1726 1060 1774 profecto
1081 1726 1243 1764 diceret.
1265 1728 1355 1763 tum
1380 1739 1521 1764 rursus

123 1791 298 1829 mulier:
350 1791 479 1828 ‘haud
512 1790 653 1840 magni
690 1791 769 1829 ista
806 1791 1000 1829 facimus'
1040 1791 1202 1841 inquit3
1246 1791 1367 1841 ‘quid
1406 1792 1516 1829 enim

120 1858 216 1896 huic
245 1857 433 1894 fortunae
463 1869 546 1893 11011
577 1857 675 1894 satis
705 1860 765 1894 est
780 1858 799 1894 ἱ)
828 1857 905 1894 alia
939 1870 1004 1894 me
1036 1870 1132 1896 cura
1163 1859 1338 1895 aetatem
1367 1857 1516 1895 harum

120 1922 508 1960 intuentem—nam
525 1922 612 1971 ipsa
632 1922 714 1959 iam
735 1924 848 1961 extra
868 1923 1097 1971 periculum
1110 1923 1282 1960 iniuriae
1302 1922 1518 1960 muliebris

69 1998 102 2027 113
120 1987 486 2025 su1n—-sti1nulat.'
542 1989 580 2025 et
609 1990 740 2026 aetate
761 1992 799 2026 et
821 1988 954 2027 forma
977 1988 1169 2026 fiorentes
1197 1988 1300 2026 circa
1330 2001 1421 2026 eam
1451 1989 1517 2026 In-

120 2053 262 2091 dibilis
282 2052 389 2090 filiae
415 2055 528 2090 erant
554 2053 738 2102 aliaeque
767 2053 982 2091 nobilitate
1008 2054 1106 2103 pari,
1132 2067 1234 2103 quae
1262 2066 1404 2091 omnes
1425 2067 1513 2092 eam

66 2133 99 2160 14
118 2132 191 2168 pro
211 2121 380 2168 parente
401 2118 599 2156 colebant.
660 2121 750 2156 tum
771 2119 906 2168 Scipio
930 2129 936 2136 ·
955 2132 1066 2156 meae
1087 2119 1309 2168 populique
1336 2119 1514 2157 Romani

117 2183 358 2233 disciplinae
387 2197 506 2221 causa
534 2184 734 2222 facerem'
761 2185 906 2233 inquit.
943 2186 1013 2222 ‘ne
1041 2184 1151 2234 quid.
1185 2184 1293 2233 quod
1323 2186 1513 2222 sanctum

65 2262 99 2292 15
118 2263 293 2300 usquam
312 2252 429 2297 esset,
461 2250 568 2299 apud
599 2263 674 2288 nos
704 2250 955 2297 uiolaretur;
985 2263 1094 2288 nunc
1124 2252 1169 2287 ut
1204 2250 1244 2287 id
1276 2263 1416 2289 curem
1454 2251 1512 2289 in-

115 2316 294 2366 pensius,
331 2317 468 2354 uestra
506 2329 664 2365 quoque
704 2316 839 2354 uirtus
877 2316 1138 2365 dignitasque
1176 2315 1284 2363 facit,
1328 2330 1430 2366 quae
1461 2330 1512 2356 ne

66 2394 97 2422 1⁴]
116 2383 158 2421 in
180 2382 299 2421 malis
321 2382 484 2429 quidem
509 2381 658 2419 oblitae
687 2382 841 2420 decoris
870 2381 1110 2420 matronalis
1129 2381 1254 2419 estis.'
1310 2385 1509 2431 spectatae
