1672 2594
126 131 172 169 14
554 122 698 160 LJVY.
761 124 915 161 BOOK
948 124 1090 161 XXVI
1312 132 1449 163 cnm.
1471 135 1486 162 1
1498 135 1514 162 1

121 235 293 285 uestigia
314 235 423 274 intra
443 238 530 274 tam
552 237 687 274 breuis
708 237 798 274 aeui
818 238 1061 276 memoriam
1090 238 1297 287 potuerint
1320 237 1518 276 confundi

67 312 101 341 125
120 300 252 339 —isse
282 300 393 339 enim
416 314 461 338 ea
493 303 714 349 constat—,
748 303 912 341 tantum
942 303 983 341 id
1014 304 1192 351 interest,
1227 303 1441 342 ueneritne
1470 317 1517 342 eo

120 365 265 404 itinere
285 366 336 404 ad
360 366 514 406 urbem,
538 380 589 405 an
612 367 661 405 ab
682 367 782 405 urbe
804 367 847 406 in
870 368 1136 417 Campaniam
1158 368 1334 407 redierit.

86 443 97 470 1
173 432 274 470 XII.
308 433 500 470 Ceterum
521 445 603 470 non
624 435 825 483 quantmn
853 434 1053 472 Romanis
1079 434 1322 482 pertinaciae
1353 435 1402 472 ad
1433 448 1517 484 pre-

117 498 309 535 mendam
350 498 561 536 obsidione
598 502 778 547 Capuam
818 499 906 547 fuit,
939 501 1102 537 tantum
1137 500 1185 538 ad
1216 500 1515 538 defendendam

81 575 98 604 μ)
118 562 357 601 Hannibali.
419 577 598 614 namque
618 577 694 612 per
718 565 924 602 Sanzozimn
950 566 990 602 et
1019 565 1207 603 Lucanos
1232 565 1274 604 in
1299 566 1515 604 Bruttium

115 642 260 678 agrum
285 629 334 666 ad
367 629 519 666 fretum
544 643 589 667 ac
619 630 794 678 Regium
826 644 873 667 eo
903 644 1023 668 cursu
1055 631 1278 677 contendit,
1315 632 1361 668 ut
1391 644 1515 680 prope

80 706 97 734 3
116 694 330 742 repentino
359 694 542 732 aduentu
573 694 760 733 incautos
791 695 1052 744 oppresserit.
1109 697 1247 745 Capua
1275 695 1352 734 etsi
1383 696 1516 733 nihilo

113 759 280 808 segnius
302 759 465 797 obsessa
486 773 556 809 per
581 774 648 797 eos
676 761 762 798 dies
790 761 933 805 fuerat,
963 764 1101 799 tamen
1128 761 1355 799 aduentum
1382 761 1515 799 Flacci

114 825 252 866 sensit,
285 828 323 863 et
355 825 572 862 admiratio
605 828 693 864 orta
725 828 786 863 est
820 839 901 864 non
933 826 1060 864 simul
1093 839 1327 875 regressum
1357 826 1514 864 Hanni-

78 904 94 931 4
114 889 259 929 halem.
320 891 415 928 inde
436 904 506 939 per
526 891 743 940 conloquia
763 892 1058 930 intellexerunt
1074 892 1237 930 relictos
1257 906 1298 930 se
1320 892 1514 930 desertos-

112 969 190 1004 que
228 958 268 994 et
306 970 420 1006 spem
453 958 612 1006 Capuae
648 957 884 995 retinendae
924 958 1177 1007 deploratam
1209 958 1317 1007 apud
1352 959 1514 996 Poenos

76 1034 94 1063 5
111 1037 208 1060 esse.
269 1022 437 1060 accessit
457 1023 637 1060 edictum
659 1023 916 1072 proconsulis
936 1037 983 1061 ex
1015 1026 1182 1061 senatus
1210 1023 1398 1061 consulto
1425 1037 1511 1073 pro-

110 1087 291 1135 positum
325 1088 623 1137 uulgatumque
650 1089 757 1137 apud
790 1088 930 1135 hostis,
967 1091 1007 1126 ut
1040 1089 1109 1138 qui
1141 1088 1244 1127 ciuis
1276 1090 1513 1138 Campanus

76 1154 205 1196 fiante
237 1155 390 1191 certam
422 1153 532 1191 diem
561 1153 789 1199 transisset,
824 1154 913 1192 sine
954 1154 1097 1192 fraude
1130 1156 1244 1192 esset.
1321 1168 1393 1191 neo
1430 1155 1512 1193 ulla

109 1219 216 1256 facta
249 1220 308 1255 est
345 1218 537 1256 transitio
572 1221 687 1257 metu
721 1220 852 1269 magis
885 1233 954 1257 eos
986 1233 1109 1269 quam
1146 1220 1223 1257 fide
1259 1220 1510 1265 continente,

109 1283 206 1333 quia
226 1284 379 1321 maiora
406 1283 448 1321 in
475 1284 700 1323 defectione
731 1285 997 1335 deliquerant,
1030 1299 1154 1334 quam
1185 1285 1336 1335 quibus
1355 1285 1511 1335 ignosci

75 1352 255 1398 :posset
317 1351 499 1388 ceterum
540 1363 662 1399 quem
702 1351 751 1388 ad
784 1351 956 1389 modum
989 1365 1109 1389 nemo
1140 1351 1301 1400 priuato
1340 1352 1511 1389 consilio

108 1416 158 1453 ad
189 1415 351 1453 hostem
382 1415 595 1454 transibat.
627 1417 683 1454 ita
713 1416 819 1454 nihil
849 1416 1028 1455 salutare
1056 1417 1099 1454 in
1125 1417 1310 1455 medium
1332 1417 1511 1455 eonsule-

73 1494 90 1520 s
110 1481 238 1519 batur.
317 1481 514 1519 nobilitas
541 1495 624 1519 rem
649 1481 859 1531 publicam
881 1482 1146 1521 deseruerant
1166 1496 1298 1532 neque
1326 1482 1369 1520 in
1400 1496 1508 1521 sena-

109 1549 197 1584 tum
221 1546 309 1595 cogi
329 1549 516 1595 poterant
540 1561 547 1585 :
578 1547 621 1584 in
644 1547 889 1593 magistratu
906 1550 1004 1586 erat.
1028 1547 1098 1596 qui
1120 1561 1202 1585 11011
1219 1548 1297 1585 sibi
1311 1548 1509 1586 honorem

107 1612 330 1652 adiecisset.
355 1613 423 1650 sed
446 1612 693 1661 indignitate
719 1626 791 1650 sua
817 1613 903 1650 111111
934 1626 978 1651 ac
999 1613 1064 1651 ius
1091 1613 1361 1662 magistratui.
1385 1627 1507 1663 quem

72 1694 88 1717 t·
107 1678 283 1726 gerebat.
308 1678 549 1727 dempsisset
570 1692 577 1717 :
610 1678 690 1715 iam
713 1692 762 1716 ne
784 1678 826 1716 in
848 1681 934 1716 foro
955 1679 1122 1728 quidem
1143 1681 1215 1716 aut
1235 1678 1399 1727 publico
1420 1679 1508 1717 loeo

108 1743 341 1793 principum
381 1744 599 1793 quisquam
639 1744 868 1794 apparebat,
919 1744 1110 1783 domibus
1157 1744 1308 1783 inclusi
1356 1744 1508 1794 patriae

55 1816 88 1844 10
107 1823 295 1846 occasum
317 1822 410 1847 cum
431 1823 505 1847 suo
536 1809 661 1847 exitio
691 1810 735 1847 in
763 1810 850 1848 dies
879 1810 1176 1859 expectabant;
1206 1823 1370 1848 summa
1390 1824 1508 1848 curae

107 1875 243 1912 omnis
292 1875 334 1913 in
386 1876 597 1913 Bostarem
647 1876 991 1925 Hannonemque,
1043 1876 1270 1925 praefectos
1316 1876 1506 1926 praesidii

107 1940 267 1982 Punici,
302 1954 420 1978 uersa
454 1943 554 1985 erat,
589 1954 674 1987 suo,
714 1955 797 1979 non
836 1941 1042 1979 sociorum
1075 1942 1256 1990 periculo
1295 1942 1502 1980 sollicitos.

53 2019 82 2045 11
105 2006 133 2043 ii
170 2006 411 2055 conscriptis
439 2006 488 2043 ad
520 2006 799 2044 Hannibalem
829 2007 982 2045 litteris
1014 2020 1098 2044 non
1126 2007 1252 2044 libere
1282 2007 1404 2045 modo
1435 2007 1504 2045 sed

105 2072 228 2109 etiam
245 2085 395 2120 aspere.
420 2071 571 2121 quibus
591 2085 675 2109 non
696 2072 879 2121 Capuam
901 2073 1031 2110 solam
1052 2072 1245 2110 traditam
1267 2072 1310 2110 in
1331 2086 1503 2110 manum

105 2137 304 2179 hostibus,
340 2137 410 2174 sed
440 2150 481 2175 se
512 2150 673 2186 quoque
706 2141 740 2175 ct
774 2137 1025 2186 praesidium
1057 2137 1098 2175 in
1134 2138 1271 2175 omnis
1301 2137 1505 2176 cruciatus

52 2216 85 2243 12
102 2202 284 2251 proditos
313 2202 579 2240 incusabant:
611 2202 744 2240 abisse
769 2216 864 2240 euni
891 2203 934 2240 in
962 2203 1150 2241 Bruttios
1181 2204 1297 2241 uelut
1321 2206 1504 2241 auerten—

104 2271 188 2306 tem
218 2282 313 2315 sese,
349 2281 400 2305 ne
434 2268 571 2317 Capua
605 2268 646 2305 111
689 2268 815 2305 oculis
851 2268 940 2306 eius
978 2270 1214 2318 caperetur:
1258 2270 1300 2306 at
1338 2269 1503 2307 hercule

105 2334 313 2371 Romanos
342 2347 391 2371 ne
419 2333 722 2383 oppugnatione
746 2333 913 2383 quidem
943 2334 1057 2372 urbis
1084 2335 1293 2373 Romanae
1318 2334 1503 2373 abstrahi

53 2408 84 2435 12:
104 2413 126 2436 a
147 2400 285 2448 Capua
304 2398 527 2437 obsidenda
552 2399 731 2448 potuisse
753 2415 760 2438 ε
793 2402 908 2438 tanto
937 2400 1255 2439 constantiorem
1284 2400 1501 2439 inimicum
