1672 2594
150 89 200 124 62
584 89 727 126 LII'Y.
790 89 943 126 BOOK
976 90 1117 126 XXV!
1341 98 1477 128 CHAP.
1494 102 1546 140 50

147 201 235 238 eius
270 201 327 238 rei
359 201 466 250 apud
500 215 540 239 se
570 201 743 251 gratiam
784 202 965 241 futuram
999 215 1086 240 esse
1119 203 1384 241 adfirmantes
1422 215 1543 252 quam

96 275 129 304 12
148 266 330 305 redditae
363 267 586 305 inuiolatae
629 266 731 305 foret
768 267 953 316 uirginis.
1032 268 1178 317 Scipio.
1221 268 1382 317 quando
1429 270 1546 306 tanto

146 345 265 381 opere
304 334 503 382 peterent,
547 334 808 382 accepturum
843 346 885 370 se
918 333 1127 383 pollicitus
1164 334 1261 383 poni
1296 335 1392 371 ante
1424 333 1546 382 pedes

146 398 265 436 iussit
287 401 513 447 uocatoque
533 398 581 435 ad
604 412 645 435 se
671 399 836 436 Allucio
867 400 1009 447 ‘super
1033 399 1194 437 dotem'
1219 398 1366 448 inquit,
1398 399 1545 449 ‘quam

146 465 388 512 accepturus
409 475 431 500 a
451 475 587 500 socero
608 476 660 502 es.
683 463 780 501 haec
802 462 877 501 tibi
898 477 920 501 a
947 476 1011 501 me
1032 463 1185 501 dotalia
1207 464 1312 502 dona
1331 464 1522 502 accedent
1537 465 1546 479 ⁹

94 538 129 566 123
146 542 375 577 aurumque
414 527 556 566 tollere
592 541 635 565 ac
668 528 746 565 sibi
781 528 931 567 habere
965 528 1095 567 iussit.
1156 528 1221 567 his
1256 529 1388 566 laetus
1423 529 1545 568 donis

146 594 454 643 honoribusque
473 593 669 631 dimissus
699 593 869 630 domum
900 593 1089 642 impleuit
1116 594 1326 643 popularis
1355 594 1546 632 laudibis

146 659 301 697 meritis
323 658 550 708 Scipionis:
582 659 741 695 uenisse
761 658 823 695 dis
853 658 1118 696 simillimum
1146 659 1350 706 iuuenem,
1383 660 1544 697 uincen-

94 733 125 761 14
146 727 230 762 tem
252 724 389 762 omnia
411 737 505 762 cum
525 724 650 762 armis
674 726 764 761 tum
786 723 1042 772 benignitate
1064 737 1107 761 ac
1129 724 1346 762 beneficiis,
1407 724 1545 775 itaque

145 791 299 828 dilectu
320 790 537 828 clientium
560 789 701 827 habito
723 802 816 827 cum
844 789 1012 827 delectis
1033 790 1148 827 mille
1168 791 1208 827 et
1229 790 1544 839 quadringentis

144 856 357 906 equitibus
378 856 488 893 intra
508 867 658 905 paucos
679 855 765 892 dies
786 855 837 893 ad
859 855 1095 904 Scipionem
1117 855 1303 893 reuertit.

109 931 123 959 1
197 922 266 960 LI.
301 921 436 971 Scipio
465 923 672 960 retentum
701 934 840 958 56611111
871 921 1069 968 Laelium,
1099 921 1199 958 dum
1226 921 1410 970 captiuos
1439 920 1544 959 obsi-

144 988 293 1037 desque
314 990 354 1026 et
375 987 568 1037 praedam
588 1000 636 1024 ex
657 986 828 1024 consilio
849 987 936 1024 eius
957 987 1203 1036 disponeret,
1226 987 1325 1025 satis
1349 986 1544 1025 omnibus

107 1053 392 1103 ecompositis,
435 1053 530 1091 data
560 1053 846 1102 quinqueremi
882 1065 900 1090 6
937 1052 1109 1101 captiuis
1141 1056 1263 1102 atque
1297 1052 1469 1102 Magone
1503 1055 1542 1091 61

141 1119 378 1169 quindecim
408 1119 490 1156 fere
521 1117 786 1155 senatoribus
814 1117 885 1167 qui
914 1118 1040 1155 simul
1070 1131 1164 1155 cum
1197 1132 1243 1155 eo
1274 1118 1380 1168 capti
1409 1122 1539 1166 erant,

107 1186 182 1223 3111
214 1197 363 1222 nauem
388 1183 578 1233 inpositis
603 1183 797 1220 nuntium
829 1183 1022 1221 uictoriae
1049 1183 1221 1221 Romam
1252 1183 1395 1222 mittit.
1455 1184 1541 1233 ipse

140 1262 289 1298 paucos
310 1250 404 1297 (1165,
428 1250 579 1298 quibus
608 1249 757 1286 morari
788 1248 1033 1296 Carthagine
1064 1250 1274 1296 statuerat,
1306 1249 1541 1287 exercendis

105 1327 121 1354 4
143 1315 357 1353 naualibus
386 1314 724 1365 pedestribusque
758 1314 884 1363 copiis
917 1314 1158 1363 absumpsit.
1221 1315 1354 1363 primo
1389 1314 1454 1352 die
1489 1314 1539 1352 le-

139 1380 280 1428 giones
319 1381 361 1418 in
393 1380 520 1418 armis
551 1382 744 1429 quattuor
777 1379 941 1417 milium
978 1380 1107 1428 spatio
1143 1380 1439 1427 decurrerunt3
1483 1393 1539 1418 se-

139 1447 272 1484 cundo
298 1446 363 1484 die
383 1459 496 1485 arma
522 1458 661 1484 curare
687 1448 727 1483 et
756 1447 915 1495 tergere
934 1447 1029 1483 ante
1052 1445 1229 1483 tentoria
1257 1445 1357 1483 iussi
1378 1459 1386 1493 ;
1417 1445 1539 1483 tertio

140 1512 204 1549 die
229 1511 403 1550 rudibus
429 1512 537 1550 inter
563 1525 604 1549 se
634 1512 677 1548 111
702 1511 873 1549 modum
898 1511 1029 1549 iustae
1052 1523 1213 1560 pugnae
1243 1514 1537 1549 concurrerunt

137 1577 454 1627 praepilatisque
487 1577 718 1615 missilibus
756 1576 923 1614 iaculati
960 1579 1056 1613 511111
1076 1590 1084 1622 ;
1136 1579 1281 1625 quarto
1319 1576 1384 1614 die
1423 1576 1538 1625 quies

103 1652 120 1680 5
140 1643 259 1690 data3
289 1643 435 1692 quinto
455 1643 606 1680 iterum
628 1641 671 1679 in
698 1641 824 1679 armis
845 1641 1062 1679 decursum
1083 1644 1157 1678 est.
1215 1641 1326 1679 hunc
1347 1641 1536 1680 ordinem

138 1708 289 1747 laboris
310 1708 550 1757 quietisque,
575 1707 707 1757 quoad
729 1707 977 1756 Carthagine
998 1707 1145 1745 morati
1171 1709 1278 1754 sunt,
1303 1710 1533 1745 seruarunt.

102 1775 359 1823 cremigium
400 1773 636 1822 classicique
675 1773 830 1810 milites
867 1772 1093 1821 tranquillo
1135 1773 1178 1809 in
1226 1773 1359 1810 altum
1403 1774 1533 1810 euecti

138 1840 366 1889 agilitatem
396 1839 568 1878 nauium
596 1839 828 1877 simulacris
850 1838 1008 1876 naualis
1027 1851 1187 1887 pugnae
1206 1838 1530 1887 experiebantur.

101 1906 232 1943 711366
263 1907 379 1943 extra
408 1905 555 1942 urbem
586 1906 693 1942 terra
728 1903 913 1953 marique
941 1917 1106 1953 corpora
1137 1903 1261 1941 simul
1293 1904 1533 1954 animosque

134 1971 184 2009 ad
215 1971 371 2008 bellum
401 1970 626 2016 acuebant;
675 1969 773 2006 urbs
818 1969 904 2017 ipsa
942 1969 1147 2017 strepebat
1190 1972 1386 2018 apparatu
1432 1969 1532 2007 belli

103 2036 262 2075 sfabris
297 2036 485 2074 omnium
515 2048 716 2084 generum
746 2034 789 2071 in
820 2034 984 2083 publica
1014 2034 1174 2072 officina
1202 2034 1386 2073 inclusis.
1447 2036 1530 2074 dux

133 2104 279 2140 cuncta
299 2102 385 2151 pari
407 2114 502 2139 cura
521 2101 659 2138 obibat
679 2115 687 2138 ε
719 2113 828 2138 nunc
852 2099 894 2137 111
920 2099 1047 2137 613556
1067 2112 1111 2137 ac
1142 2100 1278 2137 nauali
1298 2102 1395 2149 erat,
1419 2114 1528 2140 nunc

131 2181 225 2206 cum
246 2166 476 2216 legionibus
491 2166 740 2213 decurrebat,
765 2178 873 2203 nunc
893 2165 1085 2214 operibus
1104 2165 1348 2214 aspiciendis
1364 2168 1528 2216 tempus

131 2234 263 2280 dabat,
301 2245 483 2282 quaeque
525 2232 567 2269 in
603 2231 775 2269 officinis
815 2244 998 2280 quaeque
1041 2231 1083 2268 in
1124 2233 1442 2270 armamentario
1482 2246 1525 2271 ac

131 2299 348 2337 naualibus
386 2298 594 2335 fabrorum
633 2297 859 2335 multitudo
898 2296 1093 2345 pluruma
1130 2296 1173 2333 in
1212 2296 1399 2346 singulos
1438 2298 1525 2335 dies

97 2378 113 2404 {³
131 2364 351 2403 certamine
364 2363 523 2412 ingenti
540 2362 722 2400 faciebat.
773 2362 839 2399 his
855 2362 910 2400 ita
925 2361 1126 2399 incohatis
1152 2362 1402 2411 refectisque,
1424 2376 1524 2412 quae
