1672 2594
164 105 216 152 56
596 105 739 140 LJVY.
801 105 953 141 BOOK
986 105 1126 141 XXVI
1355 112 1560 154 &MP-45

162 216 253 254 cilia
274 230 358 255 esse
379 219 418 255 et
441 220 603 266 tempus
625 217 769 256 datura
788 218 837 256 1111
862 219 1069 256 ferendam
1098 231 1215 267 opem
1242 217 1558 267 imperatoribus

161 282 259 320 suis.

125 360 142 387 11
215 345 294 384 Vix
329 347 440 396 prior
473 348 677 386 tumultus
712 349 974 396 conticuerat,
1012 362 1104 386 cum
1141 348 1275 398 Scipio
1307 348 1356 386 ab
1390 347 1558 387 defessis

158 411 240 449 iam
266 412 574 464 uulneratisque
600 415 773 452 recentis
801 414 1064 464 integrosque
1093 414 1195 452 alios
1222 414 1401 463 accipere
1430 413 1558 452 scalas

123 475 269 517 7iubet
300 481 334 516 et
368 478 410 515 ui
441 478 595 517 maiore
628 479 794 529 adgredi
825 479 980 517 urbem.
1040 479 1136 528 ipse,
1171 481 1217 517 ut
1249 479 1285 516 ei
1318 478 1554 517 nuntiatum

155 543 216 580 est
236 544 397 580 aestum
413 543 617 591 decedere,
643 545 748 592 quod
770 558 842 593 per
861 544 1081 594 piscatores
1100 545 1426 583 Tarraconenses
1445 557 1555 582 nunc

156 607 318 646 leuibus
355 609 528 656 cumbis,
569 623 693 656 nunc,
736 609 806 648 ubi
836 623 904 647 eae
938 609 1127 657 siderent.
1164 609 1280 648 uadis
1314 612 1556 660 peruagatos

155 675 349 723 stagnum
389 677 633 723 conpertum
673 674 862 723 habebat,
902 675 1063 712 facilem
1101 675 1274 724 pedibus
1308 675 1357 713 ad
1387 688 1555 713 murum

118 752 135 780 8
156 739 375 777 transitum
397 739 497 787 dari,
518 753 563 777 eo
584 753 721 778 secum
742 743 922 778 armatos
941 741 1163 789 quinssewztos
1182 739 1311 778 duxit.
1369 740 1553 778 medium

153 805 281 842 ferme
302 804 382 843 diei
408 807 505 853 erat,
525 807 565 843 et-
591 806 641 844 ad
670 805 721 853 id,
756 805 865 855 quod
894 819 966 844 sua
995 808 1141 855 sponte
1170 806 1338 844 cedente
1368 805 1413 843 in
1442 819 1553 844 mare

151 872 267 908 aestu
288 870 528 909 trahebatur
556 885 670 921 aqua,
699 885 788 909 acer
816 871 940 909 etiam
971 871 1211 921 septemtrio
1242 873 1357 909 ortus
1385 872 1554 911 inclina-

151 936 242 972 tum
281 937 473 985 stagnum
502 937 644 974 eodem
676 950 755 986 quo
785 939 922 974 aestus
951 937 1106 975 ferebat
1133 939 1173 975 et
1203 937 1302 974 adeo
1324 937 1552 976 nudauerat

152 999 264 1048 uada,
302 1003 346 1038 ut
380 1001 477 1039 alibi
514 1002 710 1040 umbilico
743 1005 862 1040 tenus
896 1015 998 1052 aqua
1031 1005 1147 1049 esset.
1186 1002 1284 1040 alibi
1315 1016 1447 1052 genua
1480 1003 1550 1042 uix

113 1068 371 1113 9superaret.
428 1067 505 1105 hoc
535 1081 632 1105 cura
668 1082 712 1106 ac
743 1068 898 1105 ratione
937 1070 1195 1117 compertum
1233 1068 1276 1106 in
1315 1069 1549 1118 prodigium

149 1143 192 1167 ac
224 1131 320 1169 deos
355 1134 522 1170 uertens
560 1133 706 1182 Scipio⁷
743 1133 813 1182 qui
848 1133 896 1171 ad
939 1133 1162 1171 transitum
1202 1133 1400 1172 Romanis
1438 1148 1548 1172 mare

150 1198 356 1235 uerterent
381 1199 421 1235 et
446 1200 590 1247 stagna
618 1199 825 1237 auferrent
858 1199 1024 1248 uiasque
1050 1200 1145 1236 ante
1176 1212 1401 1249 numquam
1426 1200 1549 1238 initas

147 1260 330 1300 humano
353 1263 524 1313 uestigio
543 1264 756 1313 aperirent,
780 1264 1020 1313 Neptunum
1038 1264 1201 1302 iubebat
1223 1264 1368 1302 ducem
1389 1264 1548 1304 itineris

110 1340 125 1368 1
146 1327 260 1376 sequi
280 1342 325 1366 ac
346 1329 481 1366 medio
501 1331 646 1379 stagno
667 1329 836 1367 euadere
864 1329 913 1367 ad
941 1329 1113 1368 moenia.
1174 1329 1326 1367 XLVI.
1358 1330 1408 1368 ab
1439 1332 1546 1369 terra

143 1392 290 1442 ingens
311 1393 424 1432 labor
443 1394 757 1432 succedentibus
778 1396 865 1432 erat
882 1409 890 1442 ;
922 1408 994 1432 nec
1014 1395 1234 1433 altitudine
1255 1397 1419 1434 tantum
1439 1409 1545 1434 moe-

143 1457 260 1495 nium
290 1459 631 1509 impediebantur,
663 1460 731 1498 sed
764 1460 871 1509 quod
903 1462 1064 1499 tuentes
1093 1461 1143 1499 ad
1174 1461 1373 1510 ancipites
1402 1461 1544 1499 utrim-

142 1537 219 1572 que
248 1524 355 1563 ictus
381 1525 586 1563 subiectos
614 1525 819 1563 habebant
850 1526 1067 1573 Romanos,
1100 1528 1144 1564 ut
1176 1527 1303 1564 latera
1331 1527 1544 1565 infestiora

104 1600 122 1629 2
141 1588 416 1627 subeuntibus
445 1604 571 1639 quam
597 1591 766 1629 aduersa
797 1604 962 1640 corpora
986 1594 1133 1629 essent.
1192 1594 1232 1629 at
1258 1595 1374 1641 parte
1396 1592 1440 1630 in
1465 1592 1544 1631 alia

141 1655 380 1704 quingentis
412 1659 451 1694 et
484 1670 555 1704 per
588 1659 782 1705 stagnum
814 1657 944 1694 facilis
978 1658 1177 1695 transitus
1215 1660 1255 1695 et
1289 1658 1331 1695 in
1372 1671 1538 1696 murum

138 1732 328 1757 ascensus
356 1721 449 1758 inde
477 1721 584 1768 fuit:
616 1735 710 1759 nam
740 1735 868 1771 neque
897 1736 1014 1771 opere
1043 1723 1254 1760 emunitus
1283 1726 1379 1761 erat.
1402 1727 1447 1761 ut
1468 1724 1538 1761 ubi

138 1783 266 1833 ipsius
288 1785 365 1823 loci
386 1799 429 1823 ac
456 1787 592 1836 stagni
619 1787 821 1836 praesidio
848 1789 949 1826 satis
977 1788 1177 1826 creditum
1205 1789 1321 1836 foret,
1350 1802 1424 1827 nec
1451 1789 1538 1827 ulla

135 1852 387 1888 armatorum
409 1851 531 1889 statio
552 1854 621 1890 aut
643 1853 827 1890 custodia
855 1854 1038 1902 opposita
1065 1854 1239 1892 intentis
1265 1854 1459 1892 omnibus
1486 1855 1535 1893 ad

101 1927 118 1957 3
137 1928 255 1964 opem
292 1930 338 1953 eo
387 1916 611 1964 ferendam,
656 1919 763 1955 unde
810 1918 1036 1967 periculum
1084 1919 1386 1957 ostendebatur.
1464 1921 1535 1958 ubi

135 1980 279 2018 urbem
324 1982 413 2020 sine
463 1984 682 2021 certamine
730 1984 947 2031 intrauere,
996 1987 1173 2034 pergunt
1223 1985 1331 2033 inde,
1381 1989 1535 2034 quanto

135 2046 316 2084 maximo
346 2060 466 2085 cursu
496 2050 696 2096 poterant,
731 2049 780 2086 ad
812 2062 900 2087 eam
927 2052 1101 2099 portam,
1135 2050 1239 2088 circa
1267 2063 1390 2100 quam
1412 2064 1533 2090 omne

99 2113 390 2152 4contractum
423 2115 629 2151 certamen
661 2116 757 2153 erat.
817 2115 861 2152 in
892 2115 999 2164 quod
1030 2115 1128 2153 adeo
1162 2115 1313 2153 intenti
1343 2116 1530 2155 omnium

134 2189 217 2214 non
238 2177 367 2215 animi
398 2179 532 2215 solum
563 2178 687 2226 fuere,
721 2179 789 2216 sed
819 2179 944 2217 etiam
978 2180 1085 2217 oculi
1118 2193 1317 2230 auresque
1347 2195 1529 2231 pugnan-

97 2252 114 2283 5
133 2243 237 2280 tium
269 2243 624 2293 spectantiumque
657 2246 697 2282 et
726 2244 1035 2283 adhortantium
1064 2247 1297 2296 pugnantis,
1331 2248 1377 2284 ut
1406 2259 1528 2284 nemo

132 2308 229 2345 ante
248 2308 299 2346 ab
329 2309 441 2358 tergo
465 2309 639 2348 senserit
664 2317 823 2360 captam
853 2310 1006 2350 urbem.
1039 2324 1161 2361 quam
1191 2312 1271 2351 tela
1296 2312 1338 2350 in
1363 2325 1528 2350 auersos

96 2384 112 2410 ¹3
131 2371 362 2411 inciderunt
392 2375 431 2411 et
463 2375 669 2424 utrimque
704 2375 923 2425 ancipitem
954 2376 1114 2415 hostem
1149 2377 1365 2416 habebant.
1427 2380 1527 2416 tunc
