1672 2594
107 115 244 145 CHAP.
262 106 313 157 38
537 106 682 144 LIVY.
743 105 898 144 BOOK
930 105 1075 142 XXVI
1452 117 1502 155 45

109 220 194 258 uice
208 223 400 270 pensatae
415 235 422 258 :
453 219 675 268 Philippus
692 219 823 257 hostis
835 220 1017 268 tempore
1033 218 1143 256 haud
1157 217 1258 257 satis
1276 220 1504 267 opportuno

108 286 251 333 factus,
273 285 411 324 Aetoli
439 285 537 323 noui
565 285 711 322 adsciti
740 285 840 323 socii
869 284 1130 334 Attalusque.
1162 284 1285 321 Asiae
1313 297 1392 321 rex.
1424 284 1504 321 iam

108 353 224 390 uelut
246 351 524 401 despondente
544 351 713 388 fortuna
733 350 934 388 Romanis
952 349 1173 398 imperium
1191 349 1372 387 orientis.
1416 349 1505 388 Car·
1524 354 1542 381 G

109 417 389 467 thaginienses
419 429 581 466 quoque
611 416 769 465 Capuae
799 416 970 453 amissae
1001 416 1226 453 Tarentum
1254 417 1419 465 captum
1450 427 1508 452 ae·

110 482 301 532 quabant,
322 484 363 519 et
378 483 423 519 ut
442 482 491 519 ad
510 481 674 519 moenia
694 480 808 519 urbis
825 481 1036 519 Romanae
1057 480 1174 518 nullo
1201 480 1448 530 prohibente
1466 493 1508 517 se

109 548 346 597 peruenisse
366 547 408 585 in
429 546 558 597 gloria
577 547 796 596 ponebant,
820 546 875 584 ita
896 546 1057 595 pigebat
1077 545 1193 584 inriti
1215 545 1367 595 incepti
1387 545 1507 595 pude-

110 613 260 663 batque
279 613 377 651 adeo
398 626 440 651 se
454 614 622 662 spretos,
641 614 685 650 ut
703 611 944 650 sedentibus
958 611 1057 661 ipsis
1073 612 1120 649 ad
1146 612 1331 649 Romana
1346 611 1508 649 moenia
1526 616 1543 643 Τ

108 679 188 717 alia
207 681 325 729 porta
343 679 545 717 exercitus
566 679 780 717 Romanus
801 678 844 715 in
859 677 1107 727 Hispaniam
1122 678 1346 716 duceretur.
1399 678 1508 727 ipsae
1527 685 1545 712 ὃ

111 758 274 794 quoque
294 744 531 794 Hispaniae.
557 758 636 794 quo
656 744 823 793 propius
844 757 957 793 spem
982 746 1179 782 uenerant
1201 743 1328 781 tantis
1349 742 1508 781 duobus

111 810 285 848 ducibus
308 810 636 859 exercitibusque
662 809 789 848 caesis
817 809 1071 847 debellatum
1092 809 1149 847 ibi
1173 823 1218 847 ac
1244 809 1386 859 pulsos
1414 809 1510 846 inde

112 877 323 914 Romanos
347 889 444 923 esse,
475 890 522 914 eo
550 875 644 925 plus
668 875 718 913 ab
749 875 792 913 L.
818 876 981 914 Marcio.
1010 875 1287 914 tumultuario
1316 875 1426 922 duce,
1460 875 1511 912 ad

114 955 265 980 uanum
302 943 340 978 et
377 942 550 979 inritum
588 941 802 979 uictoriam
842 942 1046 979 redactam
1088 954 1173 979 0550
1214 941 1512 991 indignationis

112 1006 372 1057 praebebant.
438 1007 496 1045 ita
516 1008 715 1056 aequante
743 1007 911 1044 fortuna
937 1020 1137 1057 suspensa
1167 1007 1304 1045 omnia
1326 1006 1510 1056 utrisque¹
1529 1017 1546 1043 11

112 1074 228 1110 erant
248 1071 405 1121 integra
429 1085 511 1120 spe,
537 1072 701 1121 integro
722 1074 846 1110 metu.
876 1072 988 1109 uelut
1020 1071 1091 1110 illo
1117 1075 1299 1122 tempore
1328 1072 1510 1122 primuni

113 1137 271 1175 belluni
294 1137 530 1187 inciperent.

168 1202 420 1241 XXXVIII.
455 1203 735 1241 Hannibalem
757 1206 850 1241 ante
873 1204 1011 1241 omnia
1033 1204 1219 1253 angebat.
1244 1204 1347 1253 quod
1378 1207 1511 1252 t'apua
1536 1212 1546 1239 1

114 1269 363 1318 pertinacius
401 1271 634 1318 oppugnata
673 1270 723 1307 ab
776 1269 975 1308 Romanis
1014 1283 1135 1319 quam
1175 1270 1343 1307 defensa
1382 1269 1432 1306 ab
1472 1285 1514 1306 se

113 1334 340 1372 multorum
373 1335 517 1372 Italiae
548 1335 795 1384 populorum
825 1335 984 1372 1111111105
1013 1337 1226 1374 auerterat.
1255 1349 1357 1385 quos
1382 1349 1514 1385 neque
1532 1346 1550 1374 ’.ζ

113 1399 249 1438 omnis
270 1402 406 1437 tenere
427 1400 649 1449 praesidiis.
676 1400 754 1438 nisi
778 1400 901 1438 uellet
916 1401 956 1438 in
974 1402 1129 1439 multas
1145 1415 1372 1451 paruasque
1388 1401 1516 1450 partis

114 1478 276 1515 carpere
306 1465 544 1512 exercitum,
579 1466 683 1515 quod
725 1466 898 1504 minime
939 1468 1028 1504 tum
1059 1466 1312 1516 expediebat.
1346 1468 1512 1516 poterat.

116 1544 188 1568 nec
223 1530 409 1569 deductis
441 1531 656 1580 praesidiis
698 1531 782 1580 51)οἰ
821 1532 993 1569 liberam
1032 1533 1095 1570 uel
1126 1532 1345 1570 obnoxiam
1376 1532 1513 1570 timori

116 1596 318 1635 sociorum
340 1597 569 1646 relinquere
591 1598 724 1636 fidem.
784 1611 975 1648 praeceps
999 1599 1038 1635 in
1066 1598 1284 1636 auaritiam
1306 1600 1346 1636 et
1376 1598 1513 1636 crude·
1535 1613 1552 1641 ὅ

116 1661 275 1700 1111110111
297 1663 463 1700 animus
483 1664 530 1701 ad
553 1663 777 1712 spolianda,
803 1677 904 1713 (111110
926 1665 1031 1702 tueri
1051 1664 1259 1714 nequibat.
1285 1666 1330 1701 ut
1358 1665 1515 1702 uastata

115 1727 225 1765 hosti
257 1728 597 1779 relinquerentur,
622 1729 850 1768 inclinauit.
913 1729 953 1768 id
983 1730 1148 1768 foedum
1175 1729 1396 1768 consilium
1423 1743 1514 1768 011111
1536 1747 1551 1774 4

117 1793 288 1842 incepto,
304 1795 393 1831 tum
409 1793 533 1831 etiam
548 1794 661 1831 exitu
674 1794 764 1832 fuit.
816 1808 948 1844 neque
960 1796 1072 1833 enim
1090 1795 1259 1845 indigna
1272 1796 1516 1844 patientium

118 1858 239 1895 modo
259 1857 602 1897 abalienabantur
620 1859 761 1907 animi,
787 1860 855 1898 sed
878 1863 1108 1899 ceterorum
1125 1862 1274 1900 etiam:
1297 1862 1448 1911 quippe
1468 1861 1517 1898 ad

117 1923 250 1973 pluris
279 1924 515 1973 exemplum
540 1938 661 1974 quam
691 1927 835 1964 malum
863 1927 1105 1974 pertinebat.
1165 1941 1238 1965 nec
1269 1928 1410 1965 consul
1443 1928 1517 1965 Ro·
1537 1944 1555 1973 5
1599 1941 1602 1944 ·

119 2003 268 2027 manus
280 1991 532 2039 temptandis
547 1990 730 2039 urbibus,
749 1992 918 2030 sicunde
940 2006 1031 2042 51105
1051 1992 1186 2042 aliqua
1203 2007 1244 2031 se
1260 1994 1515 2040 ostendisset,

120 2056 268 2093 deerat.
326 2055 511 2105 Salapiae
534 2056 737 2106 principes
758 2060 873 2095 erant
893 2058 1043 2096 Dasius
1065 2061 1106 2096 et
1126 2058 1330 2097 Blattius:
1371 2059 1521 2097 Dasius
1539 2067 1556 2094 o

121 2120 350 2158 Hannibali
380 2121 547 2169 1111110115,
581 2122 774 2170 Blattius,
807 2126 1011 2172 quantum
1037 2137 1085 2161 ex
1114 2126 1206 2162 tuto
1239 2126 1407 2173 poterat,
1435 2137 1521 2162 rein

122 2186 352 2224 Romanam
382 2187 548 2225 fouebat
569 2190 607 2226 et
628 2201 699 2237 per
728 2189 907 2227 occultos
938 2190 1108 2228 1111111105
1133 2203 1248 2239 51)0111
1275 2189 1523 2239 proditionis

121 2252 272 2289 fecerat
305 2251 507 2291 Marcello.
568 2253 637 2291 sed
666 2254 754 2291 51110
780 2255 966 2293 adiutore
1001 2255 1125 2293 Dasio
1153 2268 1218 2294 res
1244 2255 1415 2304 transigi
1438 2267 1520 2292 non

123 2318 293 2365 poterat.
355 2318 537 2355 multum
570 2332 615 2356 110
644 2319 714 2357 diu
748 2321 976 2368 cunctatus⁷
1008 2323 1047 2358 et
1082 2322 1171 2359 tun]
1200 2334 1362 2370 quoque
1393 2319 1557 2369 magis?

124 2382 259 2430 inopia
281 2382 440 2420 consilii
456 2384 626 2433 potioris
647 2398 770 2433 quam
792 2399 860 2435 spe
882 2387 1060 2433 efl'ectiis‚
1084 2386 1257 2424 Dasium
1275 2385 1517 2435 appellabat.
