1672 2594
135 97 186 135 40
569 85 710 122 LJI‘Y.
772 85 922 120 BOOK
958 85 1099 120 XXV]
1327 91 1530 131 CHAP.32

134 198 290 236 bellum
332 197 545 247 uictorque
583 199 744 247 egisset,
781 199 868 235 rata
903 197 1088 235 habenda
1121 209 1237 244 esse3
1283 197 1324 234 in
1358 195 1527 234 relicum

132 277 252 302 curae
273 264 436 303 senatui
456 264 540 302 fore
561 277 647 302 rem
672 264 969 313 Syracusanam
998 263 1347 312 mandaturosque
1371 261 1530 300 consuli

133 329 327 378 Laeuino,
371 331 427 377 ut,
469 330 574 378 quod
614 329 703 368 sine
742 329 897 367 iactura
936 329 992 366 rei
1031 328 1216 378 publicae
1253 328 1343 366 fieri
1381 329 1529 377 posset,

96 403 112 432 τ
131 394 310 433 fortunis
329 394 417 432 eius
439 395 618 433 ciuitatis
640 394 880 432 consuleret.
940 394 1080 432 missis
1096 394 1256 431 (luobus
1272 393 1531 432 senatoribus

132 461 176 497 in
206 459 455 510 Capitolium
483 460 532 497 ad
557 460 781 506 consulem,
812 460 873 497 uti
899 459 1047 497 rediret
1075 459 1117 497 in
1142 460 1308 498 curIam.
1336 461 1377 496 et
1405 459 1528 496 intro-

96 525 264 565 Sductis
303 525 454 563 Siculis
485 527 653 563 senatus
688 525 928 563 consultum
963 525 1177 563 recitatum
1217 527 1288 572 est,
1324 525 1529 574 legatique

131 591 306 640 benigne
330 591 523 641 appellati
554 604 598 628 ac
627 590 789 627 dimissi
820 590 870 628 ad
900 603 1034 639 genua
1064 603 1107 628 se
1131 590 1316 628 Marcelli
1347 590 1530 628 consulis

130 657 387 707 proiecerunt
417 656 634 706 (orantes)
661 658 701 693 et
735 656 1006 703 obsecrantes,
1041 657 1097 703 ut,
1132 668 1232 704 quae
1258 655 1529 705 deplorandae

129 735 173 761 ac
205 722 402 761 leuandae
431 722 679 760 calamitatis
707 734 826 759 causa
850 721 1061 767 dixissent,
1084 721 1249 759 ueniam
1269 721 1329 758 eis
1356 721 1470 759 daret
1489 723 1530 759 et

130 789 174 826 in
214 788 339 826 fidem
374 787 691 836 clientelamque
722 800 762 824 se
802 786 1029 835 urbemque
1070 787 1290 836 Syracusas
1315 786 1529 836 acciperet.

130 853 330 903 pollicens
350 854 426 892 hoc
448 854 592 891 consul
614 853 838 891 clementer
857 852 1084 901 appellatos
1104 865 1174 890 eos
1194 852 1364 891 dimisit.

95 927 109 955 1
185 918 398 958 XXXIII.
431 918 653 968 Campanis
692 917 842 956 deinde
873 919 1040 955 senatus
1079 918 1199 956 datus
1241 919 1312 965 est,
1352 931 1529 967 quorum

94 995 111 1023 2
129 985 258 1023 oratio
279 984 564 1025 miserabilior,
589 996 709 1022 causa
736 983 876 1021 durior
905 985 1007 1021 erat.
1068 995 1200 1032 neque
1229 984 1340 1022 enim
1362 984 1530 1022 meritas

128 1063 281 1099 poenas
298 1063 444 1100 negare
460 1051 742 1100 poterant,nec
760 1048 929 1098 tyranni
946 1050 1072 1095 erant,
1090 1049 1133 1086 in
1147 1062 1249 1098 quos
1263 1049 1424 1098 culpam
1441 1063 1526 1088 con-

128 1117 309 1164 ferrent;
340 1116 409 1154 sed
431 1116 530 1154 satis
550 1128 725 1165 pensum
746 1127 972 1164 poenarum
1002 1116 1064 1152 tot
1095 1128 1253 1153 ueneno
1281 1115 1524 1165 absumptis,

93 1187 110 1216 3
128 1184 187 1220 tot
209 1182 340 1220 securi
360 1182 564 1232 percussis
586 1181 848 1219 senatoribus
869 1180 1088 1219 credebant
1106 1195 1114 1219 :
1145 1194 1296 1230 paucos
1322 1180 1526 1219 nobilium

127 1260 349 1297 superesse,
366 1261 468 1297 quos
489 1260 561 1285 nec
581 1260 654 1285 sua
674 1246 931 1294 conscientia,
949 1248 996 1284 ut
1008 1246 1226 1295 quicquam
1244 1247 1292 1284 de
1305 1260 1347 1285 se
1363 1247 1529 1295 grauius

127 1314 398 1362 consulerent,
425 1313 651 1363 impulerit,
679 1326 754 1351 nec
781 1312 952 1350 uictoris
977 1312 1038 1349 ira
1065 1312 1211 1362 capitis
1241 1313 1527 1361 damnauerit;

127 1392 195 1417 eos
233 1379 469 1418 libertatem
508 1379 587 1417 sibi
626 1379 794 1427 suisque
827 1380 868 1416 et
905 1377 1110 1416 bonorum
1148 1378 1329 1427 aliquam
1367 1381 1527 1427 partem

127 1458 251 1484 orare.
283 1445 386 1483 ciuis
417 1446 628 1482 Romanos
657 1445 943 1483 adfinitatibus
972 1443 1188 1493 plerosque
1216 1446 1255 1481 et
1285 1445 1528 1494 propinquis

92 1518 107 1545 4
125 1511 251 1549 etiam
272 1509 586 1559 cognationibus
607 1522 656 1547 ex
677 1509 853 1547 conubio
874 1510 1039 1547 uetusto
1062 1509 1233 1547 iunctos.
1305 1510 1526 1548 summotis

126 1576 274 1613 deinde
309 1589 330 1613 e
367 1575 526 1624 templo
568 1575 775 1624 paulisper
816 1575 1062 1622 dubitatum,
1109 1588 1162 1612 an
1206 1575 1473 1614 arcessendus
1503 1590 1526 1615 a

127 1640 260 1688 Capua
274 1640 316 1689 Q.
338 1641 510 1678 Fuluius
530 1642 883 1678 esset—mortuus
904 1640 1017 1678 enim
1039 1642 1127 1689 post
1149 1642 1308 1689 captam
1329 1641 1526 1680 Claudius

126 1706 267 1744 consul
295 1709 446 1754 erat—,
477 1709 521 1744 vt
545 1719 679 1744 coram
710 1706 970 1755 imperatore,
1000 1705 1070 1754 qui
1095 1718 1159 1742 res
1184 1706 1387 1755 gessisset,
1419 1707 1524 1745 sicut

125 1770 234 1808 inter
254 1771 495 1809 Marcellum
511 1772 753 1821 Siculosque
766 1771 1036 1820 disceptatum
1050 1771 1193 1818 fuerat,
1214 1771 1520 1821 disceptaretur.

89 1836 219 1873 5dein
249 1849 344 1875 cum
374 1837 427 1875 M.
459 1837 651 1885 Atilium,
686 1838 726 1876 C.
763 1837 959 1875 Fuluium
989 1837 1158 1875 fratrem
1190 1837 1337 1885 Flacci,
1370 1839 1525 1888 legatos

125 1901 223 1949 eius,
240 1904 279 1940 et
301 1903 345 1950 Q.
371 1903 599 1941 Minucium
621 1905 661 1940 et
683 1903 726 1941 L.
747 1902 968 1940 Veturium
990 1902 1226 1949 Philonem,
1243 1903 1342 1941 item
1363 1904 1523 1943 Claudii

124 1967 289 2016 legatos,
326 1968 396 2017 qui
427 1968 621 2006 omnibus
650 1968 839 2018 gerendis
879 1968 1000 2006 rebus
1038 1968 1268 2013 adfuerant,
1302 1969 1345 2007 in
1379 1972 1523 2009 senatu

124 2033 313 2071 uiderent
335 2047 406 2072 nec
429 2034 624 2072 Fuluium
646 2034 807 2072 auocari
826 2047 848 2072 a
865 2034 1002 2083 Capua
1022 2047 1095 2072 nec
1115 2034 1271 2072 differri
1292 2035 1523 2085 Campanos

89 2107 107 2136 ὓ
125 2098 292 2147 uellent,
325 2099 601 2149 interrogatus
628 2099 875 2138 sententiam
906 2099 959 2137 M.
992 2099 1151 2137 Atilius
1181 2100 1373 2149 Regulus,
1406 2102 1522 2141 cuius

124 2177 173 2202 ex
219 2164 280 2212 iis,
323 2165 392 2214 qui
427 2165 477 2203 ad
516 2166 697 2215 Capuam
732 2165 905 2213 fuerant,
947 2165 1127 2204 maxima
1161 2166 1382 2204 auctoritas
1420 2170 1517 2216 erat,

88 2240 106 2268 τ
127 2230 196 2267 ‘in
226 2231 421 2269 consilio’
454 2231 589 2280 inquit
620 2231 816 2269 ‘arbitror
844 2244 911 2268 me
942 2230 1070 2268 fuisse
1100 2230 1350 2279 consulibus,
1385 2233 1522 2283 Capua

123 2297 240 2344 capta
271 2309 365 2334 cum
400 2298 670 2346 quaereretur,
709 2296 825 2345 ecqui
858 2296 1166 2345 Campanorum
1205 2296 1308 2334 bene
1347 2298 1522 2336 meritus

89 2369 105 2395 S
124 2360 173 2398 de
204 2374 246 2399 re
275 2361 438 2410 publica
469 2363 608 2400 nostra
637 2364 756 2400 esset,
817 2362 920 2399 duas
949 2361 1144 2400 mulieres
1171 2364 1414 2412 conpertum
1444 2364 1516 2410 est,
