1672 2594
140 95 191 143 38
576 96 717 133 LJVY.
781 98 934 134 BOOK
968 97 1110 134 XXV]
1333 106 1468 136 cmv.
1486 111 1537 149 30

141 211 321 258 possent.
383 221 496 247 orare
518 221 558 247 se
580 211 714 259 patres
735 209 999 260 conscriptos,
1025 213 1080 257 ut,
1102 211 1135 248 si
1160 213 1361 260 nequeant
1383 211 1532 258 onmia,

139 275 286 312 saltem
308 287 409 324 quae
427 277 692 325 compareant
708 277 978 326 cognoscique
991 277 1162 327 possint,
1181 277 1342 315 restitui
1358 277 1540 316 dominis

88 351 119 378 11
140 340 320 379 iubeant.
382 340 482 379 talia
516 343 759 390 conquestos
791 356 884 380 cum
914 343 1107 380 excedere
1138 356 1185 380 ex
1215 342 1382 392 templo,
1415 346 1462 382 ut
1489 344 1538 382 de

87 414 121 443 12
139 406 358 456 postulatis
384 419 525 444 eorum
549 409 684 456 patres
710 407 870 445 consuli
895 410 1073 457 possent,
1102 408 1310 446 Laeuinus
1334 409 1533 457 iussisset,

145 473 361 510 ‘maneant
395 471 553 519 immo,’
584 473 719 521 inquit
752 472 983 522 Marcellus,
1011 475 1078 511 ‘ut
1110 487 1246 512 coram
1285 474 1337 512 iis
1375 487 1538 525 respon·

140 537 268 584 deam,
302 536 465 587 quando
495 550 540 576 ea
571 537 810 576 condicione
847 551 920 587 pro
959 538 1087 586 uobis,
1128 541 1266 589 patres
1303 539 1536 590 conscripti,

139 603 244 642 bella
272 603 466 653 gerimus,
500 605 544 641 ut
574 604 705 641 uictos
733 604 860 642 armis
888 606 1140 643 accusatores
1169 605 1403 654 habeamus,
1438 605 1539 644 duae

139 671 280 719 captae
309 669 385 708 hoc
417 682 525 707 anno
560 669 691 716 urbes,
729 669 864 719 Capua
903 670 1098 708 Fuluium
1132 684 1259 719 reum,
1296 671 1536 709 Marcellum

106 746 119 774 1
141 734 362 785 Syracusae
383 734 588 773 liabeant.’
644 734 807 774 XXXI.
842 735 1022 774 reductis
1042 736 1084 773 in
1106 737 1259 774 curiam
1282 736 1429 786 legatis
1448 739 1537 775 tum

140 801 283 840 consul
314 802 422 839 ‘non
443 801 541 840 adeo
562 801 787 839 maiestatis
806 803 812 816 ⁵
832 801 970 851 inquit
994 802 1157 852 ‘populi
1178 802 1358 841 Romani
1377 803 1539 852 imperi-

140 881 218 916 que
256 867 380 905 huius
418 867 573 906 oblitus
612 880 717 915 sum,
752 870 888 917 patres
926 869 1159 918 conscripti,
1198 871 1252 917 ut,
1292 868 1326 907 si
1360 869 1408 906 de
1448 882 1539 908 meo

140 933 311 971 crimine
340 933 629 982 ambigeretur,
663 932 806 971 consul
843 933 1027 972 dicturus
1056 947 1220 972 causam
1250 934 1538 973 accusantibus

104 1007 121 1036 2
142 999 309 1037 Graecis
329 998 490 1037 fuerim.
550 998 617 1037 sed
640 1012 721 1036 non
746 999 843 1048 quid
863 1012 937 1048 ego
959 999 1125 1038 fecerim
1142 1001 1185 1038 in
1206 1000 1538 1050 disquisitionem

142 1064 422 1112 neuin-nam
454 1064 653 1114 quidquid
682 1064 724 1102 in
751 1064 938 1102 hostibus
968 1065 1043 1103 feci
1071 1065 1135 1103 ius
1166 1065 1263 1103 belli
1289 1066 1536 1113 defenditffl,

140 1130 210 1168 sed
243 1129 339 1179 quid
375 1130 443 1168 isti
475 1130 560 1180 pati
600 1130 825 1169 debuerint.
888 1130 957 1179 qui
997 1130 1029 1169 si
1071 1145 1151 1168 non
1188 1132 1357 1170 fuerunt
1387 1131 1537 1178 hostes,

140 1195 244 1234 nihil
266 1195 450 1244 interest,
480 1209 589 1233 nunc
612 1209 664 1234 an
696 1196 795 1234 uiuo
822 1195 1005 1234 Hierone
1032 1197 1254 1247 Syracusas
1279 1197 1535 1236 uiolauerim.

104 1272 122 1300 3
140 1261 204 1300 sin
219 1262 358 1300 autem
373 1261 636 1300 desciuerunt
655 1274 677 1299 a
699 1261 849 1311 populo
867 1261 1066 1308 Romano,
1086 1262 1240 1313 legatos
1254 1265 1414 1301 nostros
1431 1263 1539 1301 ferro

141 1329 265 1377 atque
285 1326 411 1365 armis
426 1327 646 1376 petierunt,
665 1327 810 1366 urbem
832 1340 876 1366 ac
898 1327 1059 1366 moenia
1071 1328 1321 1376 clauserunt,
1345 1329 1540 1368 exercitu-

143 1406 221 1443 que
241 1393 649 1443 Carthaginiensium
674 1393 869 1432 aduersus
888 1406 963 1431 nos
988 1394 1113 1432 tutati
1142 1396 1249 1442 sunt,
1279 1395 1370 1444 quis
1398 1408 1540 1445 passos

107 1472 122 1498 4
143 1472 229 1497 esse
258 1458 437 1507 hostilia,
475 1472 569 1497 cum
604 1459 783 1506 fecerint,
824 1459 1100 1509 indignatur?
1164 1460 1367 1498 tradentis
1396 1460 1540 1499 lu·bem

145 1524 354 1575 principes
374 1525 727 1574 Syracusanorum
750 1526 963 1563 auersatus
983 1539 1075 1563 sum
1096 1543 1104 1574 ;
1161 1526 1297 1564 Sosim
1328 1527 1366 1564 et
1399 1522 1543 1565 Moeri-

142 1603 236 1628 cum
280 1590 528 1639 Hispanum,
575 1590 724 1640 quibus
773 1592 932 1629 tantam
981 1603 1057 1629 rem
1101 1591 1318 1638 crederem,
1362 1593 1541 1641 potiores

142 1655 281 1694 habui.
345 1669 428 1694 non
456 1656 554 1694 estis
581 1656 757 1694 extremi
782 1657 1143 1705 Syracusanorum,
1173 1657 1323 1707 quippe
1349 1658 1418 1706 qui
1448 1659 1540 1696 aliis

107 1733 125 1762 5
142 1722 425 1760 humilitatem
447 1721 652 1760 obiciatis:
683 1722 774 1772 quis
794 1723 855 1760 est
877 1724 1074 1770 uestrum,
1099 1722 1170 1772 qui
1195 1736 1239 1761 se
1268 1723 1372 1760 mihi
1400 1724 1540 1772 portas

141 1790 393 1838 aperturum,
419 1788 489 1836 qui
508 1789 687 1826 armatos
716 1787 872 1826 milites
900 1801 1013 1826 meos
1042 1788 1085 1826 in
1105 1788 1251 1826 urbem
1275 1790 1537 1838 accepturum

144 1853 409 1903 promiserit?
440 1852 586 1891 odistis
615 1855 652 1891 et
684 1853 954 1892 exsecramini
983 1867 1062 1902 eos,
1097 1854 1167 1904 qui
1195 1854 1387 1901 fecerunt,
1420 1856 1459 1892 et
1489 1866 1539 1891 ne

145 1918 210 1957 hic
245 1918 413 1968 quidem
445 1918 709 1956 contumeliis
741 1919 783 1956 in
822 1932 890 1958 eos
925 1919 1108 1958 dicendis
1144 1919 1330 1970 parcitis:
1373 1920 1538 1957 tantum

110 1984 268 2032 Gabest,
296 1986 339 2021 ut
360 1986 399 2022 et
427 1983 505 2033 ipsi
529 1984 609 2022 tale
633 1984 852 2033 quicquam
882 1984 1026 2023 facturi
1056 1985 1230 2024 fueritis.
1289 1985 1377 2034 ipsa
1406 1984 1538 2022 humi-

144 2050 241 2088 litas
269 2062 423 2097 eorum,
455 2051 594 2099 patres
617 2050 849 2099 conscripti,
877 2064 1000 2100 quam
1027 2051 1097 2089 isti
1129 2050 1324 2098 obiciunt,
1358 2050 1538 2089 maximo

145 2117 388 2165 argumento
435 2116 495 2153 est
536 2129 602 2153 me
650 2116 873 2165 neminem,
916 2116 987 2165 qui
1029 2119 1222 2154 nauatam
1266 2129 1431 2166 operam
1480 2117 1538 2155 rei

111 2191 126 2219 ἵ
145 2181 332 2231 publicae
370 2183 533 2219 nostrae
563 2181 698 2229 uellet,
735 2183 969 2220 auersatum
999 2195 1096 2221 esse.
1155 2185 1194 2220 et
1225 2185 1445 2231 antequam
1476 2182 1540 2220 011-

147 2247 324 2286 siderem
356 2248 588 2296 Syracusas,
627 2260 736 2285 nunc
767 2247 913 2296 legatis
942 2247 1159 2286 mittendis
1189 2261 1299 2286 nunc
1328 2248 1377 2286 ad
1407 2249 1539 2286 conlo-

148 2312 291 2362 quium
313 2313 449 2351 eundo
468 2312 669 2362 temptaui
690 2325 831 2362 pacem
852 2328 860 2359 ;
888 2315 928 2351 et
948 2315 1212 2363 posteaquam
1233 2326 1364 2362 neque
1384 2313 1540 2363 legatos

150 2378 330 2418 uiolandi
351 2377 598 2417 uerecundia
623 2380 719 2426 erat,
751 2391 825 2417 nec
850 2378 956 2417 mihi
980 2378 1059 2429 ipsi
1083 2391 1301 2435 congresso
1326 2379 1375 2417 ad
1402 2381 1540 2429 portas
