1672 2594
138 110 184 135 10
566 100 708 138 LJVY.
770 101 925 137 BOOK
957 100 1099 137 XXI'J
1350 101 1528 138 CHAP.8

99 220 247 262 5spe1n
272 213 492 263 potiundae
523 214 636 252 urbis
666 215 817 252 Romae
847 214 1024 264 cepisse!
1066 227 1148 252 non
1178 214 1227 251 ad
1258 214 1432 252 Romam
1464 216 1527 252 ob—

133 279 356 319 sidendam.
384 280 452 317 ,sed
477 279 526 317 ad
555 281 716 329 Capuae
744 280 998 318 liberandam
1032 280 1289 318 obsidionem
1315 280 1383 320 ire.
1456 280 1528 318 Ro-

134 358 245 382 mam
266 358 360 383 cum
380 358 427 383 eo
451 345 642 393 exercitu,
668 346 737 394 qui
765 346 815 383 ad
841 345 985 383 urbem
1009 348 1126 393 esset,
1149 344 1295 383 Iouem
1319 345 1528 383 foederum

133 412 351 459 ruptorum
385 411 436 448 ab
476 410 712 448 Hannibale
750 413 898 449 testem
938 411 1114 460 deosque
1152 410 1255 449 alios
1292 411 1531 449 defensuros

98 484 115 511 G
134 489 231 514 esse.
293 476 366 514 has
398 476 579 514 diuersas
617 477 842 514 sententias
876 476 1010 514 media
1048 476 1254 514 sententia
1292 476 1338 514 P.
1374 476 1530 515 Valerii

134 542 269 580 Flacci
307 542 417 585 uicit,
451 542 522 590 qui
552 543 767 591 utriusque
805 542 865 580 rei
903 556 1062 580 memor
1099 542 1424 591 imperatoribus,
1460 543 1528 592 qui

132 607 180 645 ad
202 609 381 657 Capuam
404 610 552 649 essent,
575 608 841 645 ‚scribendum
862 609 1033 655 censuit,
1058 608 1156 657 quid
1183 608 1232 645 ad
1256 608 1398 646 urbem
1422 622 1529 658 prae·

133 673 229 711 sidii
262 675 394 720 essen
443 675 618 722 (plantas
656 676 795 711 autem
835 673 1047 711 Hannibal
1086 673 1222 722 copias
1261 674 1425 712 duceret
1460 678 1530 713 aut

133 741 286 788 quanto
321 740 501 776 exercitu
536 739 583 776 ad
618 739 799 787 Capuam
837 739 1104 776 obsidendam
1139 752 1239 788 opus
1271 742 1388 787 esset,
1421 741 1531 789 ipsos

98 815 114 843 7
132 805 244 843 scire.
306 805 341 842 si
362 805 417 842 ita
437 806 612 842 Romam
633 818 653 841 e
674 804 847 843 ducibus
873 805 976 842 alter
1005 806 1044 842 et
1072 804 1271 842 exercitus
1295 817 1388 854 pars
1418 805 1530 843 mitti

133 873 280 920 posset,
315 873 358 908 ut
389 871 438 908 ab
470 870 626 920 reliquo
655 873 693 908 et
724 870 825 908 duce
855 872 895 908 et
923 870 1104 908 exercitu
1134 871 1271 919 Capua
1300 872 1406 908 reete
1430 871 1532 908 obsi-

98 945 115 971 8
133 936 307 976 deretur.
331 936 439 974 inter
458 949 500 973 se
521 938 798 986 compararent
821 936 1015 974 Claudius
1036 936 1301 985 Fuluiusque,
1327 937 1410 974 utri
1430 937 1530 974 obsi-

134 1002 266 1040 denda
282 1003 428 1051 Capua,
451 1002 533 1040 utri
553 1003 601 1040 ad
624 1002 919 1051 prohibendam
935 1001 1145 1039 obsidione
1161 1002 1336 1051 patriam
1355 1002 1529 1041 Romam

97 1078 114 1105 a
134 1068 392 1106 ueniundum
432 1069 547 1105 esset..
620 1068 693 1105 hoc
734 1070 898 1105 senatus·
932 1068 1119 1105 consulto
1158 1069 1339 1117 Capuam
1372 1069 1531 1117 perlato

132 1133 177 1181 Q.
212 1132 387 1171 Fuluius
417 1133 649 1182 proconsul,
678 1133 754 1179 cui.
789 1133 942 1182 collega
973 1146 1019 1170 ex
1052 1133 1221 1170 uulnere
1249 1145 1372 1182 aegyro.
1405 1135 1531 1183 (ligre-

132 1198 337 1237 diundum
360 1199 536 1236 Romam
558 1201 652 1245 erat,
677 1212 698 1235 e
719 1197 852 1236 tribus
878 1198 1129 1236 exercitibus
1161 1198 1294 1236 milite
1319 1199 1456 1246 eleeto,
1479 1200 1529 1237 ad

132 1264 369 1314 quindecim
390 1265 505 1302 milia
526 1264 723 1313 peditum,
750 1264 863 1302 mille
883 1264 1040 1313 equites
1061 1263 1317 1302 Vulturnum
1339 1264 1526 1303 traducit.

79 1338 114 1367 10
133 1331 228 1368 inde
248 1344 341 1368 cum
370 1330 654 1368 Hannibalem
679 1330 825 1368 Latina
850 1330 918 1368 uia
943 1331 1102 1368 iturum
1127 1331 1225 1368 satis
1253 1330 1529 1380 comperisset,

133 1397 219 1446 ipse
241 1410 312 1446 per
332 1397 489 1446 Appiae
511 1396 738 1445 municipia
759 1409 940 1445 quaeque
971 1398 1137 1445 propter
1163 1409 1252 1433 eam
1280 1396 1391 1434 uiam
1418 1398 1528 1444 sunt,

82 1472 112 1500 11
134 1463 299 1502 Setiam.
324 1463 482 1508 Coram,
514 1462 736 1500 Lauinium
766 1462 989 1511 praemisit,
1013 1464 1058 1499 ut
1090 1464 1343 1499 commeatus
1369 1463 1531 1511 paratos

132 1531 172 1567 et
193 1529 236 1566 in
257 1528 430 1566 urbibus
450 1527 648 1566 haberent
669 1529 708 1565 et
730 1541 778 1565 ex
804 1528 912 1576 agris
940 1527 1070 1565 deuiis
1099 1528 1140 1565 in
1168 1528 1277 1565 uiam
1301 1527 1530 1577 proferrent

132 1594 411 1644 praesidiaque
432 1595 475 1631 in
497 1593 611 1631 urbis
631 1593 932 1641 contraherent,
958 1595 1003 1631 ut
1024 1606 1096 1631 sua
1115 1594 1263 1642 cuique
1284 1606 1348 1631 res
1368 1593 1530 1642 publica

131 1661 173 1698 in
196 1672 319 1697 manu
339 1661 456 1698 esset.

98 1734 111 1760 1
187 1724 264 1763 IX.
299 1724 511 1762 Hannibal
533 1738 612 1773 quo
641 1725 705 1762 die
735 1724 990 1762 Vulturnum
1015 1727 1075 1762 est
1100 1727 1388 1774 transgressus,
1418 1724 1529 1763 haud

96 1800 113 1829 2
131 1790 271 1840 procul
292 1803 314 1827 a
334 1790 506 1828 flumine
527 1793 658 1828 castra
684 1791 847 1839 posuit;
878 1792 1038 1839 postero
1066 1790 1129 1827 die
1157 1793 1318 1839 practer
1344 1790 1460 1828 Cales
1486 1791 1528 1828 in

131 1869 277 1905 agrum
317 1856 547 1894 Sidicinum
586 1856 786 1905 peruenit.
860 1856 916 1893 ibi
961 1856 1070 1893 diem
1117 1869 1248 1893 unum
1294 1856 1530 1905 populando

132 1924 318 1960 moratus
334 1935 406 1971 per
426 1922 678 1959 Suessanum
700 1921 1017 1970 Allifanumque
1047 1923 1086 1958 et
1117 1921 1351 1960 Casinatem
1381 1934 1527 1971 agrum

132 1988 199 2026 uia
220 1988 369 2026 Latina
383 1987 506 2025 ducit.
569 1987 645 2025 sub
667 1987 814 2025 Casino
835 1987 960 2025 biduo
980 1988 1130 2025 statiua
1151 1987 1292 2025 habita
1311 1988 1352 2025 et
1373 1987 1527 2036 passim

97 2062 114 2089 a
131 2052 414 2103 populat-iones
434 2053 573 2091 factae.
636 2053 730 2090 inde
753 2054 914 2101 praeter
929 2052 1213 2090 Interamnam
1228 2052 1528 2102 Aquinumque

131 2120 173 2156 in
197 2119 486 2168 Fregellanum
508 2131 652 2166 agrum
673 2118 723 2155 ad
745 2118 877 2156 Lirim
899 2118 1074 2155 fluuium
1106 2121 1290 2165 uentum,
1314 2118 1386 2156 ubi
1406 2118 1528 2157 inter-

131 2185 261 2222 cisum
284 2186 451 2233 pontem
479 2197 500 2222 a
529 2183 782 2233 Fregellanis
808 2184 997 2221 morandi
1027 2183 1184 2221 itineris
1211 2196 1329 2222 causa
1354 2184 1523 2222 inuenit.

97 2260 110 2286 4
132 2252 173 2287 et
194 2249 389 2287 Fuluium
410 2249 643 2287 Vulturnus
663 2251 850 2287 tenuerat
871 2250 1006 2287 amnis
1025 2249 1203 2287 nauibus
1222 2249 1271 2287 ab
1292 2248 1529 2288 Hannibale

132 2315 310 2353 incensis
348 2315 449 2352 ratis
486 2315 535 2353 ad
570 2316 844 2353 traiciendum
879 2315 1101 2353 exercitum
1137 2315 1179 2352 in
1212 2328 1360 2364 magna
1391 2316 1527 2365 inopia

97 2389 114 2418 5
134 2381 331 2420 materiae
351 2394 469 2431 aegre
491 2383 806 2431 comparantem.
866 2381 1035 2420 traiecto
1055 2380 1213 2419 ratibus
1240 2380 1419 2418 exercitu
1440 2381 1526 2418 reli-
