1672 2594
98 113 235 145 CHAP.
258 116 305 154 19
527 106 672 144 LIVY.
732 107 887 144 BOOK
920 104 1065 144 XXVI
1440 116 1490 156 23

97 234 220 270 quem
240 221 462 269 mitterent,
485 222 585 260 satis
606 221 828 269 constabat,
851 234 976 270 quam
995 220 1112 268 illud,
1135 219 1206 258 ubi
1233 220 1313 257 duo
1340 220 1492 257 summi

97 286 365 336 imperatores
398 286 509 325 intra
536 287 621 325 dies
659 286 831 336 triginta
869 286 1122 333 cecidissent,
1165 285 1236 334 qui
1274 285 1319 323 in
1356 284 1493 324 locum

98 351 274 390 duorum
313 353 556 399 succederet,
597 351 922 390 extraordinaria
961 364 1057 389 cura
1095 350 1364 400 deligendum
1394 363 1494 389 esse.

97 430 192 455 cum
212 417 280 455 alii
299 417 428 455 alium
450 417 724 456 nominarent.
748 419 1006 466 postremum
1026 430 1073 455 eo
1101 416 1318 454 decursum
1345 418 1418 463 est,
1447 418 1494 454 ut
1511 422 1530 450 4

96 482 335 532 proconsuli
354 483 527 521 creando
547 483 590 520 in
612 483 860 532 Hispaniam
882 481 1048 520 comitia
1063 481 1314 520 haberentur
1332 497 1340 529 ;
1372 482 1496 520 diem-

97 562 176 598 que
203 547 382 586 comitiis
411 548 599 586 consules
628 548 858 586 edixerunt.
918 547 1052 596 primo
1079 548 1406 596 expectauerant,
1437 548 1494 593 ut,
1514 554 1531 584 5

98 613 169 664 qui
190 627 231 651 se
252 615 367 651 tanto
386 613 561 662 imperio
583 613 729 663 dignos
750 613 969 660 crederent,
996 612 1165 650 nomina
1190 612 1493 661 profiterentur.

98 692 201 729 quae
222 680 268 716 ut
290 678 483 716 destituta
498 678 727 727 expectatio
741 680 813 726 est,
833 678 1137 727 redintegratus
1152 677 1290 715 luctus
1309 679 1497 726 acceptae

96 744 224 784 cladis
237 743 565 792 desideriumque
580 744 875 793 imperatorum
889 743 1147 782 amissorum.
1188 745 1346 781 maesta
1360 743 1498 792 itaque
1516 752 1533 779 6

96 809 253 856 ciuitas,
271 822 396 858 prope
412 808 528 859 inops
542 810 712 849 consilii.
729 809 993 847 comitiorum
1007 809 1072 846 die
1087 811 1228 847 tamen
1246 808 1290 846 in
1306 821 1498 857 campum

98 873 307 913 descendit
326 889 334 922 3
373 875 494 923 atque
534 874 578 911 in
608 875 873 922 magistratus
907 875 1014 912 uersi
1049 875 1390 923 circumspectant
1429 884 1499 910 ora

97 938 330 988 principum
350 939 525 977 aliorum
543 939 644 976 alios
656 939 910 977 intuentium
929 939 1193 989 fremuntque
1208 939 1306 977 adeo
1322 937 1502 987 perditas

100 1016 163 1041 res
191 1003 534 1053 desperatumque
574 1005 622 1041 de
654 1018 694 1042 re
724 1004 887 1053 publica
918 1017 1015 1042 esse.
1051 1008 1092 1042 ut
1126 1018 1247 1042 nemo
1277 1004 1426 1042 audeat
1456 1003 1497 1040 in

102 1068 349 1117 Hispaniam
384 1069 605 1118 imperium
645 1069 834 1118 accipere.
879 1084 971 1107 cum
1011 1070 1151 1108 subito
1191 1071 1235 1109 P.
1270 1069 1535 1109 C01·nelius,7

101 1134 143 1171 P.
181 1135 354 1173 Cornelii.
392 1136 460 1184 qui
499 1134 539 1172 in
575 1134 778 1184 Hispania
817 1135 1025 1181 ceciderat,
1063 1136 1184 1175 filius.
1228 1138 1423 1184 quattuor
1461 1138 1497 1172 et

102 1199 251 1248 uiginti
274 1200 400 1238 ferme
422 1214 552 1238 annos
580 1203 713 1238 natus.
740 1202 946 1250 professus
973 1214 1015 1238 se
1046 1204 1182 1250 petere
1211 1201 1251 1238 in
1279 1201 1496 1249 superiore.

104 1265 210 1303 unde
243 1266 422 1315 conspici
454 1269 600 1315 posset.
644 1266 734 1304 loco
772 1266 969 1305 constitit.
1042 1267 1082 1303 in
1123 1280 1245 1316 quein
1286 1272 1537 1316 postquami?

104 1331 290 1368 oninium
331 1345 398 1369 ora.
438 1345 629 1370 conuersa
675 1337 768 1370 sunt
820 1332 997 1370 clamor<-
1045 1347 1086 1369 ac
1139 1334 1278 1370 fauore
1328 1332 1503 1370 ‹⁷›1ni11ati

104 1397 310 1445 extemplo
342 1400 438 1435 sunt
475 1398 570 1435 felix
611 1399 872 1447 faustumque
912 1397 1143 1446 imperium.
1219 1398 1315 1435 iussi
1356 1398 1539 1436 deinde9

104 1462 208 1500 inire
238 1463 480 1512 suffragium
511 1464 560 1501 ad
593 1477 721 1501 unum
753 1477 894 1501 omnes
926 1477 1006 1501 non
1046 1464 1250 1501 centuriae
1282 1464 1404 1501 modo
1434 1464 1503 1502 sed

105 1529 231 1566 etiam
269 1528 459 1567 homines
498 1529 543 1567 P.
589 1529 769 1578 Scipioni
812 1530 1029 1578 imperium
1078 1542 1163 1567 esse
1212 1530 1255 1567 in
1303 1529 1505 1579 Hispania

105 1594 324 1633 iusserunt.
400 1597 579 1633 ceterum
622 1598 714 1644 post
764 1608 851 1632 rein
893 1596 1039 1641 actam,
1084 1598 1127 1632 ut
1176 1595 1258 1632 iam
1304 1595 1504 1633 resederat
1524 1602 1558 1631 10

108 1660 286 1709 impetus
325 1661 561 1699 animorum
596 1662 807 1710 ardorque,
850 1660 1066 1698 silentium
1105 1660 1241 1698 subito
1280 1663 1417 1698 ortum
1466 1661 1505 1696 et

106 1725 228 1764 tacita
247 1726 449 1775 cogitatio,
473 1726 671 1775 quidnam
693 1727 870 1775 egissent
884 1728 904 1764 ζ)
960 1739 1097 1763 11011119
1112 1726 1230 1764 fauor
1245 1726 1338 1775 plus
1359 1725 1506 1763 ualuis-

108 1793 169 1828 set
217 1804 341 1840 quam
392 1791 528 1829 ratio?
602 1791 748 1829 aetatis
797 1791 977 1829 maxime
1025 1792 1288 1841 paenitebat:
1338 1792 1503 1841 quidam
1521 1803 1554 1830 11

108 1856 319 1894 fortunam
358 1858 482 1894 etiam
523 1858 672 1895 domus
710 1856 933 1895 horrebant
972 1871 1204 1907 nomenque
1243 1871 1291 1894 ex
1335 1857 1509 1895 funestis

110 1922 269 1960 duabus
293 1922 461 1960 familiis
487 1922 531 1960 in
562 1936 629 1960 eas
658 1923 903 1971 prouincias,
933 1923 1005 1960 ubi
1032 1923 1140 1961 iuter
1167 1923 1351 1973 sepulcra
1379 1922 1508 1972 patris

112 1987 328 2037 patruique
358 2001 422 2025 res
451 1988 649 2034 gerendae
678 1990 825 2035 essent,
859 1988 1165 2037 proficiscentis.
1228 1988 1349 2026 XIX.
1384 2000 1505 2037 quam
1526 1987 1554 2024 1’

111 2053 183 2091 ubi
195 2053 246 2091 ab
259 2067 300 2091 re
315 2055 429 2091 tanto
445 2053 501 2090 im
507 2055 601 2102 petu
615 2056 703 2091 acta
716 2053 1039 2092 sollicitudinem
1053 2067 1275 2104 curamque
1290 2054 1430 2092 homin
1438 2067 1506 2091 um

113 2119 421 2159 animaduertit.
443 2119 639 2157 aduocata
659 2120 850 2158 contione
870 2120 925 2157 ita
946 2120 994 2157 de
1014 2122 1144 2158 aetate
1161 2133 1234 2158 sua
1257 2119 1509 2170 imperioque

114 2185 308 2222 mandato
338 2186 379 2221 et
411 2185 530 2233 bello,
565 2185 671 2234 quod
709 2185 941 2233 gerundum
981 2188 1097 2233 esset,
1139 2198 1289 2234 magno
1321 2185 1544 2235 elatoque-2

114 2249 252 2287 animo
287 2249 490 2298 disseruit,
523 2253 567 2288 ut
606 2250 792 2288 ardorem
823 2264 930 2291 eum.
963 2252 1033 2300 qui
1067 2252 1280 2297 resederat,
1315 2251 1509 2289 excitaret

116 2328 256 2352 rursus
278 2317 528 2364 nouaretque
559 2319 592 2353 cl
618 2315 808 2364 impleret
838 2316 1027 2354 homines
1052 2315 1237 2354 certioris
1263 2315 1360 2365 spei,
1387 2329 1508 2366 quam

116 2382 311 2429 quantam
344 2380 441 2418 fides
468 2380 659 2429 promissi
689 2380 863 2419 humani
892 2383 961 2419 aut
992 2381 1096 2419 ratio
1124 2395 1172 2418 ex
1200 2381 1348 2419 fiducia
1373 2394 1508 2418 rerum
