1672 2594
133 99 184 137 28
564 103 709 140 LIVY.
770 103 926 140 BOOK
957 103 1102 140 XXVI
1325 111 1462 141 CHAP.
1480 115 1533 141 22

132 213 421 263 imperatorem
451 227 546 261 esse,
568 215 651 263 qui,
675 228 770 253 cum
800 215 948 253 alienis
978 215 1107 253 oculis
1137 215 1174 252 ei
1205 215 1346 253 omnia
1374 215 1533 266 agenda

132 278 226 325 sint,
267 278 446 328 postulet
484 279 563 317 sibi
602 279 779 318 aliorum
818 281 949 330 capita
987 294 1032 318 ac
1078 282 1265 318 fortunas
1310 280 1529 319 committi.

97 351 113 379 Τ
131 344 312 393 proinde,
338 344 373 382 si
393 344 604 383 uideretur
624 345 670 392 ei,
688 345 819 383 redire
840 345 883 383 in
903 346 1146 395 suffragium
1160 345 1379 384 Voturiam
1400 346 1532 384 iunio-

135 422 226 447 rum
249 409 406 448 iuberet
427 412 467 448 et
487 411 729 448 meminisse
756 411 799 449 in
825 411 1063 449 consulibus
1084 411 1270 449 creandis
1290 410 1398 450 belli.
1423 411 1530 461 quod

97 474 176 512 Sin
196 475 320 513 Italia
340 476 403 514 sit.
428 478 747 525 temporumque
776 477 832 514 rei
861 477 1058 526 publicae.
1120 477 1292 514 uixdum
1321 477 1527 527 requiesse

131 540 242 578 auris
263 553 286 578 a
306 541 480 590 strepitu
508 543 547 578 et
574 542 760 579 tumultu
788 541 940 590 hostili,
967 556 1047 592 quo
1073 555 1226 592 paucos
1252 543 1347 580 ante
1367 555 1532 580 menses

132 605 361 644 inuaserint
388 620 513 655 prope
543 607 705 644 moenia
734 607 930 645 Romana.
990 610 1081 656 post
1108 607 1206 645 haec
1227 621 1320 645 cum
1346 608 1531 646 centuria

132 672 326 721 frequens
346 671 634 710 succlamasset
656 672 763 709 nihil
783 685 826 710 se
846 675 1008 710 mutare
1036 673 1263 711 sententiae
1283 673 1530 723 eosdemque

97 746 114 772 9
133 737 322 776 consules
353 737 536 775 dicturos
565 751 662 785 esse,
692 740 783 775 tum
804 738 1035 787 Torquatus
1061 740 1214 787 ‘neque
1244 751 1317 787 ego
1347 739 1531 777 uestros’

132 802 268 851 inquit
310 805 464 840 ‘mores
503 802 647 840 consul
686 803 790 841 ferre
830 805 979 852 potero.
1022 817 1154 852 neque
1193 817 1267 842 uos
1307 804 1529 853 imperium

134 881 284 906 meum.
345 868 475 905 redite
505 868 546 905 in
578 869 823 918 suffragium
853 871 891 906 et
922 869 1099 919 cogitate
1128 869 1285 907 bellum
1320 869 1529 908 Punicum

81 942 113 971 10
135 935 175 972 in
194 933 316 971 Italia
338 937 375 972 et
399 933 583 971 hostium
605 935 749 972 ducem
770 934 1050 973 Hannibalem
1071 935 1187 973 esses
1234 937 1323 972 tum
1346 936 1530 973 centuria

133 1001 171 1037 et
190 1000 433 1037 auctoritate
455 1002 566 1037 mota
595 999 673 1036 uiri
695 1002 733 1037 et
761 1000 1062 1038 admirantium
1091 1000 1193 1038 circa
1219 1000 1386 1039 fremitu
1409 1001 1529 1050 petiit

80 1073 110 1100 11
133 1080 155 1103 a
184 1066 360 1104 consule.
395 1067 438 1103 ut
464 1064 681 1103 Voturiam
713 1066 922 1103 seniorum
959 1066 1128 1104 citaret:
1169 1066 1275 1104 uelle
1308 1080 1395 1104 sese
1434 1079 1528 1104 cum

132 1130 355 1169 nlaioribus
385 1133 483 1169 natu
515 1131 704 1180 conloqui
735 1135 773 1169 et
804 1145 853 1168 ex
883 1132 1123 1170 auctoritate
1159 1145 1302 1170 eorum
1340 1131 1527 1170 consules

132 1196 275 1234 dicere.
337 1197 471 1234 citatis
494 1196 693 1235 Voturiae
724 1197 955 1235 senioribus
985 1197 1125 1235 datum
1158 1204 1313 1235 secreto
1344 1197 1388 1235 in
1416 1197 1529 1235 Ouili

79 1269 112 1298 12
133 1275 225 1299 cum
254 1262 305 1300 iis
329 1262 601 1311 conloquendi
629 1265 804 1311 tempus.
875 1263 1056 1301 seniores
1083 1263 1132 1300 de
1160 1263 1292 1301 tribus
1318 1263 1529 1301 consulen-

131 1327 232 1365 dum
253 1328 446 1366 dixerunt
466 1342 565 1369 esse,
592 1328 752 1366 duobus
772 1328 906 1378 plenis
927 1328 1009 1366 iam
1030 1329 1249 1367 honorum.
1273 1328 1318 1376 Q.
1343 1328 1467 1367 Fabio
1488 1331 1528 1366 et

132 1394 184 1431 M.
211 1393 415 1432 Marcello.
438 1397 490 1441 et,
514 1394 549 1431 si
578 1394 719 1444 utique
745 1408 903 1432 nouum
933 1394 1113 1443 aliquem
1139 1394 1336 1432 aduersus
1366 1394 1528 1432 Poenos

131 1459 344 1498 consulem
383 1460 506 1498 creari
543 1460 711 1506 uellent.
745 1460 797 1497 M.
822 1459 986 1498 Valerio
1022 1459 1227 1498 Laeuino:
1268 1459 1428 1510 egregie
1463 1460 1527 1498 ad·

80 1530 112 1559 13
131 1538 274 1563 uersus
294 1525 540 1575 Philippum
562 1539 698 1575 regem
720 1528 827 1563 terra
847 1525 1032 1575 marique
1051 1539 1138 1563 rem
1159 1525 1344 1574 gessisse.
1404 1525 1461 1564 ita
1481 1526 1529 1563 de

131 1590 261 1628 tribus
280 1591 586 1629 consultatione
606 1591 702 1629 data
722 1591 955 1629 senioribus
976 1591 1159 1629 dimissis
1180 1591 1365 1629 iuniores
1387 1591 1532 1629 suffra-'

129 1656 245 1705 gium
275 1657 432 1694 ineunt.
493 1657 545 1694 M.
570 1656 790 1696 Claudium
819 1657 1049 1707 fulgentem
1080 1659 1172 1694 tum
1201 1656 1343 1694 Sicilia
1368 1656 1523 1694 domita

129 1723 169 1758 et
203 1721 256 1759 M.
296 1721 508 1759 Valerium
541 1721 723 1760 absentis
756 1721 946 1760 consules
978 1722 1181 1760 dixerunt.
1241 1722 1526 1760 auctoritatem

79 1793 111 1820 14
131 1787 436 1836 praerogatiuae
460 1800 604 1825 omnes
635 1788 843 1825 centuriae
869 1790 1029 1825 secutae
1055 1789 1168 1825 sunt.
1227 1786 1396 1825 eludant
1417 1800 1526 1824 nunc

130 1853 300 1901 antiqua
340 1853 552 1891 mirantis:
602 1866 686 1891 non
725 1853 927 1902 equidem.
970 1853 1005 1891 si
1050 1866 1132 1902 qua
1176 1853 1229 1891 sit
1274 1853 1526 1902 sapientium

130 1918 285 1966 ciuitas,
320 1932 444 1967 quam
480 1919 590 1957 docti
618 1919 783 1968 fingunt
812 1919 945 1968 magis
975 1932 1099 1968 quam
1129 1921 1292 1964 norunt,
1322 1920 1393 1956 aut
1421 1919 1529 1967 prin-

131 1984 240 2032 cipes
279 1983 485 2033 grauiores
523 1985 944 2033 teinperantioresqne
977 1998 1000 2022 a
1033 1985 1227 2034 cupidine
1260 1984 1423 2034 imperii
1456 1986 1525 2021 aut

79 2054 113 2084 15
131 2048 446 2087 multitudinem
485 2049 634 2088 melius
666 2052 871 2088 moratam
905 2063 1090 2088 censeam
1124 2050 1214 2088 fieri
1252 2062 1378 2099 posse.
1440 2063 1527 2087 cen-

131 2114 282 2153 turiam
318 2128 416 2153 uero
447 2114 655 2153 iuniorum
689 2116 869 2154 seniores
901 2116 1114 2153 consulere
1148 2115 1338 2154 uoluisse.
1376 2115 1526 2164 quibus

131 2180 353 2229 imperium
373 2180 567 2229 suffragio
594 2181 824 2227 mandaret.
848 2181 916 2218 nix
943 2183 989 2218 ut
1018 2180 1104 2218 ueri
1130 2180 1268 2218 simile
1294 2180 1358 2228 sit,
1383 2193 1525 2229 paren-

133 2245 236 2283 tium
253 2259 414 2295 quoque
429 2245 503 2284 hoc
520 2246 680 2284 saeculo
694 2246 792 2284 uilis
812 2246 997 2295 leuisque.
1013 2246 1118 2295 apud
1136 2245 1286 2284 liberos
1303 2246 1526 2284 auctoritas

99 2312 237 2350 lfecit.
299 2311 467 2350 XXIII.
491 2312 700 2350 Praetoria
731 2311 826 2350 inde
856 2311 1023 2350 comitia
1052 2311 1205 2350 habita.
1266 2311 1310 2349 P.
1344 2311 1526 2349 Manlius

131 2377 261 2416 Vulso
292 2379 331 2415 et
358 2377 401 2415 L.
427 2377 605 2416 Manlius
627 2377 830 2416 Acidinus
860 2380 897 2416 et
921 2378 961 2416 C.
988 2377 1203 2416 Laetorius
1225 2379 1263 2415 et
1288 2377 1331 2415 L.
1357 2377 1524 2416 Cincius
