1672 2594
109 90 246 120 CHAP.
265 92 312 130 51
541 81 684 117 LIVY.
746 80 901 116 BOOK
933 80 1075 116 XXV]
1453 83 1502 130 63

105 197 293 245 quassata
323 196 438 233 erant
469 193 588 241 muri,
624 192 915 242 dispositisque
950 191 1163 242 praesidiis
1192 192 1241 230 ad
1273 193 1501 232 custodiam

106 259 220 298 urbis
246 260 513 298 Tarraconem
541 260 603 296 est
633 257 850 306 profectus,
882 271 904 295 a
933 257 1080 295 multis
1108 257 1382 307 legationibus
1411 266 1555 308 pro-10

105 324 220 363 tinus
251 325 294 363 in
328 324 396 363 uia
425 323 570 371 aditus,
606 336 706 373 quas
738 323 891 373 partim
923 323 1016 361 dato
1051 335 1245 372 responso
1278 337 1326 361 ex
1356 324 1503 362 itinere

105 390 277 438 dimisit,
312 389 465 440 partim
503 389 668 427 distulit
707 389 988 435 Tarraconem,
1029 402 1108 438 quo
1147 389 1342 428 omnibus
1380 391 1502 428 nouis

105 455 394 504 ueteribusque
414 454 535 493 sociis
553 454 736 492 edixerat
755 456 1017 492 conuentum.
1089 457 1129 493 et
1153 455 1291 493 cuncti
1318 455 1401 493 fere
1431 457 1502 505 qui

103 521 162 558 cis
194 521 399 559 Hiberum
431 519 620 558 incolunt
652 519 805 569 populi,
844 520 966 558 multi
1005 521 1130 557 etiam
1170 520 1378 558 ulterioris
1411 535 1500 570 pro-

103 585 260 624 uinciae
298 587 593 624 conuenerunt.
672 585 1079 634 Carthaginiensium
1119 586 1241 623 duces
1280 587 1413 635 primo
1453 601 1501 625 ex
1521 598 1552 625 11

104 651 307 690 industria
330 651 486 689 famam
509 652 648 700 captae
675 651 934 699 Carthaginis
962 653 1276 700 compresserunt
1297 667 1305 699 ;
1337 652 1495 701 deinde,

104 719 151 755 ut
171 716 317 755 clarior
336 729 400 754 res
419 718 516 763 erat,
539 729 664 765 quam
686 718 731 754 ut
750 716 833 765 tegi
852 730 896 754 ac
925 716 1176 754 dissimulari
1197 720 1343 767 posset,
1367 719 1498 756 eleua-

104 782 205 821 bant
233 782 392 820 uerbis:
423 782 666 831 necopinato
692 782 875 820 aduentu
905 795 949 819 ac
978 796 1100 831 prope
1130 783 1242 820 furto
1272 783 1395 822 unius
1421 785 1553 823 diei12

104 848 248 886 urbem
269 860 394 885 unam
424 846 652 896 Hispaniae
681 847 963 896 interceptam,
997 848 1114 885 cuius
1146 848 1201 886 rei
1233 850 1318 887 tam
1350 863 1499 898 paruae

103 913 285 963 praemio
303 913 457 952 elatum
473 913 719 950 insolentem
734 913 926 950 iuuenem
941 913 1145 951 inmodico
1157 915 1306 963 gaudio
1321 916 1499 964 speciem

104 992 274 1028 magnae
317 979 513 1017 uictoriae
558 979 808 1028 inposuisse3
856 981 897 1017 at
941 979 1009 1016 ubi
1052 979 1381 1030 adpropinquare
1424 983 1500 1020 tris
1518 993 1553 1021 13

104 1045 235 1092 duces,
266 1045 342 1082 tris
368 1045 544 1083 uictores
573 1044 756 1082 hostium
787 1045 990 1082 exercitus
1019 1046 1209 1085 audisset.
1240 1060 1497 1086 occursuram

102 1109 139 1147 ei
177 1110 384 1159 extemplo
423 1110 743 1148 domesticorum
782 1110 975 1148 funerum
1008 1112 1263 1150 memoriam.
1323 1113 1418 1151 haec
1455 1115 1495 1152 in
1519 1123 1551 1151 1⁴

105 1175 255 1224 uulgus
294 1175 511 1222 iactabant,
536 1175 852 1225 haudquaquam
890 1176 966 1225 ipsi
1000 1177 1142 1226 ignari,
1177 1182 1379 1227 quantum
1418 1181 1495 1218 sihi

100 1241 149 1278 ad
172 1240 308 1278 omnia
330 1241 482 1278 uirium
503 1241 748 1290 Carthagine
769 1241 917 1279 amissa
939 1242 1187 1283 decessisset.

436 1539 760 1597 [PERIOCHA
793 1540 952 1581 LIBRI
988 1541 1148 1584 XXVI.

156 1642 369 1680 Hannibal
395 1643 444 1681 ad
471 1643 640 1681 tertium
664 1642 844 1693 lapidem
872 1644 922 1681 ab
952 1644 1050 1681 urbe
1075 1646 1204 1684 Roma
1233 1659 1354 1696 super
1373 1649 1495 1687 Anie-

101 1709 196 1734 nem
216 1698 346 1734 castra
368 1697 514 1746 posuit.
573 1698 658 1746 ipse
678 1711 771 1735 cum
793 1698 952 1736 duobus
973 1699 1142 1736 milibus
1160 1701 1345 1749 equitum
1368 1716 1495 1752 usquc

99 1751 149 1788 ad
179 1751 311 1799 ipsam
341 1752 545 1800 Capenam
577 1754 749 1801 portam,
782 1754 825 1789 ut
853 1753 982 1790 situm
1012 1753 1123 1791 urbis
1152 1755 1392 1804 exploraret,
1425 1758 1492 1795 ol>-

98 1805 311 1853 equitauit.
372 1808 413 1843 et
437 1819 530 1843 cum
551 1819 620 1854 per
648 1805 834 1843 triduum
856 1807 898 1844 in
918 1807 1045 1845 aciem
1068 1809 1274 1858 utrimque
1293 1812 1495 1850 exercitus

99 1858 236 1896 omnis
254 1859 538 1908 descendisset,
571 1862 775 1897 certamen
804 1863 1025 1910 tempestas
1053 1862 1243 1910 diremit,
1275 1877 1369 1902 nam
1400 1879 1494 1904 cum

98 1913 142 1950 in
175 1915 307 1950 castra
336 1913 517 1960 redisset,
554 1915 696 1952 statim
727 1915 924 1952 serenitas
955 1918 1051 1953 erat.
1112 1917 1248 1966 Capua
1282 1921 1400 1968 capta
1433 1924 1492 1958 est

97 1980 120 2004 a
141 1966 184 2014 Q.
210 1967 359 2005 Fuluio
379 1970 419 2005 et
439 1969 516 2017 Ap.
541 1968 712 2007 Claudio
733 1969 982 2007 consulibus.
1039 1970 1245 2020 principes
1269 1973 1493 2023 Campano-

96 2034 189 2058 rum
210 2034 371 2060 ueneno
391 2022 470 2059 sibi
496 2025 673 2060 mortem
702 2023 1000 2062 consciuerunt.
1059 2038 1154 2063 cum
1184 2028 1350 2065 senatus
1379 2029 1493 2067 Cani-

97 2087 295 2123 panorum
322 2076 525 2126 deligatus
544 2079 650 2114 esset
670 2078 719 2115 ad
740 2077 864 2126 palos,
889 2080 935 2115 ut
954 2079 1087 2116 securi
1112 2080 1309 2128 feriretur,
1334 2082 1493 2121 litteras

95 2143 118 2168 a
137 2132 282 2167 senatu
302 2131 448 2169 missas
469 2131 512 2178 Q.
533 2131 706 2169 Fuluius
734 2131 889 2179 consul,
909 2132 1061 2181 quibus
1080 2133 1297 2172 iubebatur
1316 2149 1490 2185 parcere,

95 2185 317 2233 antequam
349 2184 511 2234 legeret,
540 2186 583 2223 in
614 2185 709 2223 sinu
737 2186 873 2234 posuit
903 2190 942 2224 et
973 2187 1059 2237 lege
1083 2188 1149 2237 agi
1176 2188 1297 2227 iussit
1328 2192 1368 2228 et
1398 2204 1491 2240 sup-

95 2237 266 2287 plicium
294 2239 460 2288 peregit.
519 2253 612 2277 cum
643 2239 822 2277 comitiis
849 2240 956 2289 apud
987 2242 1187 2290 populum
1217 2247 1490 2295 quaereretur,

96 2292 161 2329 cui
200 2292 464 2330 mandaretur
494 2293 791 2342 Hispaniarum
825 2295 1056 2343 imperium,
1097 2296 1212 2334 nullo
1252 2298 1291 2335 id
1328 2299 1490 2336 uolente

95 2346 299 2395 suscipere
320 2346 364 2385 P.
391 2347 534 2396 Scipio,
561 2349 606 2386 P.
632 2348 741 2386 filius
767 2348 864 2396 eius,
888 2349 955 2398 qui
982 2349 1025 2387 in
1054 2350 1256 2400 Hispania
1277 2354 1485 2401 ceciderat,
