1672 2594
124 93 260 122 CHAP.
279 98 330 134 24
554 85 698 122 LJVY.
759 84 913 121 BOOK
946 83 1089 121 XXV]
1466 98 1518 133 29

123 198 363 236 Alimentus
383 199 505 236 creati
527 202 636 237 sunt.
686 198 792 236 forte
813 198 869 236 ita
890 198 1046 238 incidit.
1066 201 1109 236 ut
1131 199 1309 236 comitiis
1327 200 1517 248 perfectis
1534 211 1551 239 -3

124 264 387 302 nuntiaretur
406 265 450 302 Τ.
470 263 704 303 Otacilium.
727 277 848 312 quem
872 264 915 302 T.
937 263 1103 302 Manlio.
1128 263 1207 301 nisi
1230 264 1516 313 interpellatus

123 330 220 367 ordo
257 329 520 367 comitiorum
551 330 669 377 esset,
692 329 906 378 conlegam
935 328 1150 367 absentem
1185 329 1358 368 daturus
1388 330 1515 368 fuisse

123 394 340 432 uidebatur
368 394 555 444 populus,
588 396 799 432 mortuum
838 394 882 431 in
922 394 1061 432 Sicilia
1099 395 1363 432 esse.—Ludi
1395 396 1514 445 Apol·
1534 406 1551 435 3

121 460 275 498 linares
296 462 335 498 et
355 460 489 509 priore
508 473 616 498 anno
637 460 801 498 fuerant
817 461 868 506 et,
887 474 933 498 eo
950 473 1058 497 anno
1075 462 1120 498 ut
1141 461 1297 507 fierent,
1318 461 1515 499 referente

122 525 344 575 Calpurnio
365 528 560 575 praetore.
584 527 752 563 senatus
773 525 964 563 decreuit.
989 528 1033 563 ut
1063 525 1105 563 in
1128 528 1372 575 perpetuum
1396 540 1514 564 uoue-

126 591 496 629 rentur.—Eodem
536 604 644 629 anno
683 591 870 640 prodigia
908 590 1064 639 aliquot
1108 591 1198 629 uisa
1244 592 1516 641 nuntiataque
1534 606 1549 632 4

121 659 230 695 sunt.
291 656 334 694 in
364 658 460 695 aede
490 657 738 695 Concordiae
768 657 963 698 Victoria,
998 670 1100 705 quae
1129 657 1173 694 in
1202 657 1383 695 culmine
1414 660 1511 698 erat.

121 721 298 760 fulmine
319 722 399 759 icta
420 723 668 771 decussaque
688 722 737 760 ad
752 722 967 761 Victorias.
990 736 1092 771 quae
1114 722 1155 759 in
1176 722 1366 760 antefixis
1385 725 1513 764 erant.

122 788 250 827 haesit
273 801 402 837 neque
423 789 518 826 inde
538 788 725 838 procidit.
777 791 817 826 et
835 788 1054 836 Anagniae
1075 790 1113 826 et
1136 788 1337 837 Fregellis
1358 789 1516 827 nuntia-
1533 801 1550 830 5

123 856 213 891 tum
235 855 296 892 est
316 866 485 892 murum
512 856 732 903 portasque
759 854 808 891 de
835 853 946 891 caelo
975 855 1112 895 tactas,
1135 856 1175 891 et
1197 854 1239 890 in
1262 854 1348 891 foro
1369 854 1514 892 Suber-

122 922 218 956 tano
239 919 453 969 sanguinis
474 919 584 956 riuos
605 932 675 968 per
696 919 807 956 diem
828 921 964 957 totum
986 918 1161 966 fluxisse,
1179 921 1219 957 et
1241 919 1353 956 Ereti
1374 920 1514 969 lapidi-

121 985 198 1022 bus
218 981 409 1034 pluuisse.
433 987 473 1022 et
496 985 622 1022 Reate
645 984 801 1022 mulam
822 984 1039 1033 peperisse.
1099 997 1145 1021 ea
1165 984 1346 1034 prodigia
1368 985 1515 1024 hostiis-
1534 996 1550 1020 α’,

121 1049 345 1087 maioribus
360 1052 457 1087 sunt
473 1053 698 1099 procurata,
716 1052 755 1087 et
778 1050 1001 1087 obsecratio
1024 1050 1065 1087 in
1089 1063 1219 1087 unum
1238 1051 1343 1088 diem
1366 1050 1515 1099 populo

120 1115 273 1154 indicta
301 1118 341 1153 et
372 1115 632 1153 nouemdiale.
666 1115 1135 1153 sacrum.—Sacerdotes¹
1167 1116 1317 1164 publici
1359 1116 1513 1165 aliquot
1533 1126 1548 1153 τ

119 1194 165 1217 eo
186 1193 294 1218 anno
315 1181 519 1218 demortui
539 1184 632 1218 sunt
660 1181 837 1229 nouique
852 1181 1031 1219 suffecti:
1056 1181 1095 1218 in
1119 1180 1253 1218 locum
1277 1182 1340 1219 Μ’.
1358 1181 1511 1218 Aemili

122 1246 325 1284 Numidae
342 1246 560 1284 decemuiri
584 1259 792 1283 sacrorum
811 1246 862 1283 M.
879 1246 1087 1284 Aemilius¹
1106 1247 1290 1295 Lepidus,
1317 1247 1356 1284 in
1379 1247 1513 1284 locum

120 1313 172 1350 M.
197 1312 402 1362 Pomponi
438 1311 648 1350 Mathonis
678 1312 899 1361 pontuticis⁴
930 1314 970 1350 (γ’.
1007 1312 1159 1351 Liuius.
1199 1313 1238 1349 in
1277 1313 1408 1360 locum
1445 1314 1513 1362 Sp.

120 1377 271 1416 Caruili
302 1377 474 1416 Maximi
503 1378 670 1427 auguris
694 1378 746 1416 M.
775 1377 986 1415 Seruilius.
1049 1378 1091 1415 T.
1117 1378 1317 1415 Otacilius
1345 1382 1514 1416 Crassus
1532 1393 1547 1413 s

121 1443 320 1492 pontufex
342 1443 437 1492 quia
457 1444 600 1481 exacto
624 1456 731 1480 anno
760 1445 947 1481 mortuus
974 1446 1070 1491 erat,
1095 1443 1185 1481 idco
1213 1444 1441 1482 nominatio
1470 1446 1510 1482 in

120 1509 254 1548 locum
279 1510 368 1547 eius
394 1522 476 1547 non
505 1510 566 1546 est
592 1510 709 1546 facta.
771 1510 812 1546 (J.
837 1509 1032 1547 Claudius
1056 1510 1207 1547 flamen
1236 1510 1378 1548 Dialis.
1405 1512 1512 1560 quod

119 1576 211 1613 exta
231 1587 442 1624 perperam
465 1574 640 1621 dederat,
665 1574 860 1611 flamonio
882 1574 994 1611 abiit.

176 1640 336 1679 XXIV.
360 1641 441 1678 Per
461 1639 572 1677 idem
595 1642 759 1689 tempus
780 1639 831 1677 M.
856 1640 1046 1678 Valerius
1066 1641 1282 1680 Laeuinus.
1302 1643 1544 1691 temptatisi

121 1706 233 1755 prius
259 1720 331 1755 per
357 1708 511 1743 secreta
536 1704 752 1754 conloquia
780 1706 1015 1754 principum
1044 1706 1206 1744 animis.
1230 1706 1279 1744 ad
1308 1707 1512 1746 indictum

119 1772 213 1809 ante
233 1771 282 1808 ad
306 1770 345 1808 id
368 1770 502 1819 ipsum
523 1770 745 1808 concilium
767 1771 1011 1808 Aetolorum
1028 1771 1153 1809 classe
1175 1772 1362 1821 expedita
1384 1775 1510 1812 uenit.

122 1836 189 1873 ubi
220 1849 314 1874 cum
345 1836 566 1885 Syracusas
596 1836 860 1885 Capuamque
890 1837 1051 1886 captam
1083 1837 1127 1874 in
1159 1838 1283 1875 fidem
1315 1838 1358 1876 in
1390 1838 1548 1889 Italia-3

120 1901 334 1949 Sic-iliaque
365 1913 502 1938 rerum
527 1901 798 1938 secundarum
830 1904 1072 1940 ostentasset
1102 1903 1397 1952 adiecissetque
1431 1904 1511 1942 iam

121 1966 216 2004 inde
245 1979 267 2004 a
297 1966 523 2004 maioribus
551 1966 751 2004 traditum
779 1980 938 2005 morem
964 1967 1163 2005 Romanis
1190 1968 1348 2006 colendi
1372 1970 1511 2009 socios
1532 1990 1549 2019 3
1586 1963 1590 1966 ’

120 2045 169 2069 ex
190 2031 341 2081 quibus
356 2031 458 2069 alios
480 2032 522 2069 in
545 2031 757 2069 ciuitatem
773 2034 895 2081 atque
910 2046 1087 2082 aequum
1107 2046 1245 2071 secum
1268 2035 1331 2072 ius
1345 2036 1514 2084 accepis-

121 2099 221 2136 sent.
245 2097 347 2134 alios
379 2097 420 2134 in
446 2110 489 2134 ea
518 2097 685 2135 fortuna
710 2097 919 2146 haberent,
944 2100 988 2137 ut
1016 2099 1113 2137 socii
1135 2113 1223 2137 esse
1250 2113 1374 2149 quam
1402 2101 1515 2139 ciues

121 2162 294 2200 mallent
310 2176 319 2210 ;
348 2162 520 2200 Aetolos
535 2162 639 2200 eoin
660 2163 813 2201 maiore
829 2164 990 2203 futuros
1006 2164 1172 2203 honore.
1197 2166 1304 2214 quod
1326 2167 1511 2215 gentium
1531 2180 1545 2207 ⁴

119 2229 494 2266 transmarinarum
517 2229 560 2267 in
590 2229 817 2267 amicitiam
844 2231 966 2279 primi
1000 2231 1239 2270 uenissent:
1270 2232 1511 2282 Philippum
1531 2244 1548 2274 5

120 2293 180 2331 eis
214 2296 254 2331 et
289 2293 531 2332 Macedonas
564 2295 705 2344 grauis
736 2295 892 2334 accolas
925 2309 1023 2334 esse.
1060 2309 1233 2345 quorum
1267 2311 1310 2335 se
1344 2298 1429 2335 uim
1469 2312 1513 2336 ac

119 2359 290 2408 spiritus
318 2361 358 2396 et
388 2359 470 2397 iam
499 2360 668 2409 fregisse
698 2362 737 2399 et
768 2374 815 2399 eo
847 2361 1105 2400 redacturum
1136 2375 1234 2402 esse.
1269 2366 1312 2401 ut
1344 2376 1426 2401 non
1464 2364 1514 2400 iis
