1672 2594
179 145 203 172 2
608 139 753 176 LIVY.
817 139 972 178 BOOK
1004 139 1147 177 XXVI
1393 147 1529 177 CHAP.
1552 150 1567 175 1

176 250 373 287 statuerat
402 251 586 290 militiae.
646 253 834 291 1111111111111
866 252 989 291 etiam
1017 253 1287 302 utrorumque
1318 253 1570 301 ignominiae

177 316 251 361 est,
278 327 328 352 ne
355 314 398 352 in
426 317 588 366 oppidis
613 318 882 356 hibernarent
909 331 1012 355 neue
1038 317 1213 355 hiberna
1242 317 1411 366 propius
1441 317 1570 355 ullam

125 386 156 414 11
178 379 321 417 urbem
356 380 494 419 (1000111
530 381 701 421 milibus
735 396 927 432 passuum
963 383 1238 420 aedificarent.
1301 383 1346 421 L.
1380 384 1570 422 Cornelio

176 444 220 482 in
255 446 446 484 Sardinia
481 447 583 485 duae
618 448 800 498 legiones
834 449 961 496 datae,
1001 448 1150 497 quibus
1187 449 1230 496 Q.
1266 449 1426 487 Mucius
1460 462 1570 498 prae-

175 512 334 558 fuerat3
364 512 712 562 supplementum,
731 514 764 551 si
787 527 888 563 opus
907 516 1027 563 esset,
1045 513 1235 551 consules
1255 514 1431 552 scribere
1452 514 1564 552 iussi.

123 580 156 609 13
173 575 218 613 T.
244 576 420 615 Otacilio
445 580 483 616 et
507 578 557 616 M.
581 577 746 617 Valerio
767 579 930 616 Siciliae
953 578 1223 627 Graeciaeque
1245 592 1313 616 ora
1335 592 1427 616 cuin
1450 578 1568 628 legio-

173 640 297 678 nibus
330 642 624 693 classibusque,
665 643 815 693 quibus
854 645 1078 692 praeerant,
1115 644 1322 691 decretae3
1370 646 1568 694 quinqua-

171 705 288 755 ginta
311 708 480 745 Graecia
506 722 599 746 cuin
627 708 785 757 legione
810 722 902 755 una,
925 710 1093 747 centum
1122 709 1262 746 Sicilia
1288 722 1382 747 cum
1409 709 1567 747 duabus

120 779 154 807 13
171 770 405 820 legionibus
444 773 651 811 habehant
689 787 824 812 naues.
897 773 1031 811 tribus
1069 775 1109 811 et
1148 774 1297 822 uiginti
1337 774 1568 823 legionibus

171 837 369 876 Romanis
399 853 445 877 eo
473 853 583 877 anno
614 839 767 877 belluni
798 841 906 877 terra
936 840 1118 888 marique
1139 840 1199 877 est
1219 841 1394 888 gestum.

140 908 148 934 l
227 902 283 941 II.
316 903 529 953 Principio
562 905 650 943 eius
683 905 780 943 anni
813 919 904 943 cuni
938 905 987 942 de
1016 905 1166 942 litteris
1197 906 1240 942 L.
1274 905 1417 943 Marcii
1449 906 1566 943 refer-

171 970 292 1015 retur,
317 983 378 1007 res
407 972 544 1019 gestae
574 971 815 1020 magnificae
844 970 1007 1009 senatui
1039 970 1174 1008 uisae:
1206 970 1352 1008 titulus
1382 971 1560 1017 honoris,

170 1034 276 1082 quod
289 1035 461 1084 imperio
477 1050 561 1074 11011
574 1036 716 1086 populi
731 1037 854 1075 iussu.
872 1050 955 1074 non
969 1049 1017 1074 ex
1031 1036 1272 1074 auctoritate
1287 1038 1453 1086 patrum
1469 1037 1564 1074 dato

173 1102 434 1149 ‘propraetor
463 1102 644 1139 senatui⁷
668 1103 897 1152 scripserat,
928 1115 1123 1150 magnam
1155 1104 1314 1151 partem
1344 1103 1562 1140 hominum

132 1172 149 1199 ·.‘
169 1165 397 1204 offendebat
415 1181 423 1204 :
451 1181 539 1204 rem
560 1168 657 1206 mali
679 1168 857 1217 exempli
877 1182 974 1215 esse,
996 1168 1261 1217 imperatores
1280 1167 1360 1218 legi
1382 1168 1433 1206 ab
1453 1181 1561 1206 excr-

167 1229 319 1268 citibus
346 1234 384 1269 et
413 1233 613 1270 sollemne
641 1234 986 1283 auspicandorum
1016 1233 1278 1271 comitiorum
1306 1233 1349 1270 in
1371 1235 1502 1271 castra
1522 1236 1561 1271 et

165 1295 401 1344 prouincias
423 1298 563 1346 procul
592 1299 641 1336 ab
662 1299 825 1347 legibus
851 1298 1241 1348 magistratibusfflie
1261 1299 1310 1336 ad
1336 1298 1560 1337 militarem

130 1370 147 1398 3
167 1361 446 1400 temeritatem
464 1364 692 1402 transferri.
735 1366 774 1402 et
795 1377 889 1402 cuin
907 1364 1076 1413 quidam
1100 1364 1357 1402 referendum
1379 1365 1428 1402 ad
1449 1377 1560 1402 sena-

166 1429 257 1465 tum
289 1431 512 1477 censerent,
538 1429 688 1468 melius
717 1430 853 1468 uisum
889 1429 1043 1467 differri
1080 1443 1169 1467 eam
1199 1429 1558 1478 consultationem,

166 1493 293 1532 donec
314 1494 668 1544 proficiscerentur
688 1496 858 1546 equites,
884 1496 954 1545 qui
982 1496 1031 1533 ab
1054 1495 1206 1533 Marcio
1232 1494 1393 1534 litteras
1416 1495 1560 1534 attule-

129 1569 144 1597 4
166 1560 266 1596 rant.
328 1560 494 1598 rescribi
523 1561 572 1598 de
598 1562 810 1599 frumento
836 1563 875 1598 et
896 1561 1158 1598 uestimentis
1182 1561 1384 1599 exercitus
1404 1560 1559 1611 placuit
1603 1610 1606 1613 ι

164 1637 254 1661 eam
277 1627 494 1675 utramque
516 1639 603 1663 rem
625 1640 745 1665 curae
766 1627 852 1664 fore
872 1626 1033 1664 senatui
1051 1641 1059 1673 ;
1089 1626 1264 1664 adscribi
1285 1629 1423 1664 autem
1447 1628 1456 1645 ‘
1471 1640 1556 1676 pro-

162 1690 341 1739 praetori
362 1691 406 1728 L.
431 1691 583 1729 Marcio
598 1692 606 1706 ’”
625 1705 709 1730 11011
731 1691 895 1741 placuit,
919 1705 970 1729 ne
990 1692 1030 1729 111
1052 1691 1198 1740 ipsum,
1222 1691 1330 1740 quod
1359 1692 1558 1730 consulta-

127 1764 145 1792 ῡ
162 1755 268 1793 tioni
289 1755 551 1805 reliquerant,
569 1770 643 1806 pro
662 1757 942 1806 praeiudicato
962 1758 1097 1795 ferret.
1151 1756 1335 1794 dimissis
1350 1757 1558 1806 equitibus

163 1820 212 1857 de
232 1820 347 1858 nulla
367 1834 408 1858 re
428 1822 544 1870 prius
564 1822 752 1860 consules
774 1822 1036 1869 rettulerunt,
1061 1822 1329 1871 omniumque
1354 1822 1396 1860 in
1425 1835 1556 1860 unuin

162 1886 391 1924 sententiae
416 1887 708 1936 congruebant,
731 1888 939 1938 agendum
966 1901 1059 1925 cum
1087 1887 1269 1926 tribunis
1295 1887 1428 1937 plebis
1454 1901 1553 1934 esse,

160 1951 296 1999 primo
316 1965 477 2001 quoque
498 1954 681 2002 tempore
697 1954 746 1991 ad
767 1953 929 2003 plebem
946 1954 1109 2001 ferrent,
1129 1966 1251 2002 11110111
1267 1966 1361 1992 cum
1380 1953 1556 2003 imperio

160 2016 273 2054 mitti
289 2017 469 2066 placeret
483 2018 526 2055 in
547 2018 796 2068 Hispaniam
814 2019 863 2056 ad
880 2032 975 2056 eum
993 2018 1230 2067 exercitum,
1249 2019 1314 2056 cui
1328 2020 1399 2057 Cn.
1417 2018 1554 2068 Scipio

124 2091 141 2118 ⁴3
159 2082 381 2131 imperator
414 2083 668 2132 praefuisset.
728 2097 774 2122 ea
809 2097 872 2121 res
911 2097 1004 2121 cum
1038 2083 1219 2121 tribunis
1252 2086 1341 2122 acta
1372 2084 1553 2133 promul-

158 2148 332 2197 gataque
352 2150 423 2186 est.

124 2221 140 2248 Τ
213 2212 291 2251 Sed
312 2213 424 2251 aliud
447 2215 655 2252 certamen
683 2216 951 2264 occupauerat
979 2214 1153 2253 animos.
1215 2214 1256 2252 C.
1282 2213 1553 2264 Sempronius

158 2278 330 2316 Blaesus
368 2279 433 2316 die
472 2279 580 2317 dicta
618 2280 690 2318 Cn.
732 2279 929 2318 Fuluium
969 2279 1020 2318 ob
1060 2279 1285 2318 exercitum
1324 2282 1366 2317 in
1400 2280 1553 2329 Apulia

157 2344 359 2382 amissum
380 2344 423 2382 in
446 2344 711 2383 contionibus
732 2345 918 2391 uexabat,
937 2345 1094 2383 multos
1110 2345 1376 2395 imperatores
1392 2345 1552 2384 temeri-

156 2410 239 2447 tate
251 2410 370 2459 atque
387 2409 551 2448 inscitia
568 2410 793 2449 exercituin
810 2411 852 2448 in
874 2410 1009 2449 locuni
1032 2410 1295 2460 praecipitem
1313 2410 1552 2460 perduxisse
