1672 2594
98 99 235 129 CHAP.
253 103 305 140 40
530 91 672 126 LIVY.
736 91 888 126 BOOK
922 90 1063 126 XXV!
1441 104 1492 141 49

96 204 226 253 gloria
266 204 361 253 quia
396 204 474 241 iam
518 203 772 250 imperatoris
811 216 970 252 quoque
1009 204 1141 241 famae
1180 204 1388 243 officiebat.
1430 218 1493 253 po-

97 273 250 308 stremo
271 270 312 306 in
336 268 533 306 inuidiam
557 269 689 308 uertit.
716 271 760 306 ut
789 281 837 305 ne
857 268 959 305 bene
978 271 1115 317 gestae
1136 269 1302 318 quidem
1324 283 1388 307 res
1410 270 1489 307 iam

99 334 296 373 Hannoni
338 335 500 381 propter
536 335 741 372 auctorem
782 334 882 372 satis
916 333 1043 372 laetae
1081 337 1229 374 essent.
1286 337 1528 383 postremo&

98 400 391 448 praefecturam
411 399 499 436 eius
520 399 605 436 filio
625 413 700 437 suo
722 399 844 443 dedit,
867 401 981 437 ratus
1001 412 1094 437 cum
1123 400 1295 447 imperio
1323 400 1496 438 auctori-

98 467 223 502 tatem
241 478 400 514 quoque
420 464 455 501 ei
478 465 587 502 inter
608 465 809 502 Numidas
833 467 1082 512 erepturum,
1106 465 1213 514 quod
1236 466 1357 513 longe
1377 465 1496 502 aliter
1513 466 1529 494 7

96 530 234 568 euenit
252 544 262 569 ι
292 543 387 568 nam
410 532 590 568 ueterem
612 530 793 568 fauorem
816 531 904 568 eius
917 543 989 568 sua
1006 530 1173 578 insuper
1194 530 1351 568 inuidia
1366 530 1491 571 auxit.

98 609 230 646 neque
268 596 340 633 ille
382 596 675 646 indignitatem
724 596 896 634 iniuriae
944 596 1043 633 tulit
1094 596 1392 645 confestimque
1444 596 1493 633 ad

98 661 327 699 Laeuinum
367 661 549 699 occultos
588 661 757 700 nuntios
788 661 903 698 misit
933 660 983 698 de
1021 661 1220 699 tradendo
1250 661 1490 711 Agrigento.

98 740 169 775 per
188 739 290 776 quos
309 729 355 764 ut
374 728 434 764 est
455 726 560 764 facta
580 726 680 764 fides
696 726 1029 775 compositusque
1046 726 1102 763 rei
1123 726 1320 775 gerendae
1334 726 1492 771 modus,
1513 730 1530 758 S

98 794 259 840 portam
280 792 328 830 ad
349 806 462 830 mare
492 792 690 830 ferentem
721 792 924 830 Numidae.
952 805 1047 829 cum
1076 793 1341 840 occupassent
1365 791 1496 839 pulsis

100 858 193 896 inde
222 858 459 896 custodibus
487 860 557 896 aut
597 858 732 898 caesis.
766 859 976 895 Romanos
1014 857 1063 895 ad
1103 859 1145 895 id
1182 858 1320 906 ipsum
1349 857 1497 895 missos

100 924 141 961 in
172 923 317 961 urbem
347 926 600 971 acceperunt.
661 926 699 961 et
731 937 824 961 cum
849 923 1014 972 agmine
1036 924 1116 960 iam
1143 923 1186 960 in
1215 923 1351 960 media
1382 922 1531 960 urbisss

97 1002 143 1027 ac
181 989 314 1027 forum
354 1002 504 1039 magno
542 989 728 1027 tumultu
760 989 899 1036 iretur,
935 991 1048 1027 ratus
1082 989 1237 1026 Hanno
1269 1002 1349 1026 non
1385 989 1495 1026 aliud

99 1067 221 1103 quam
247 1055 475 1092 tumultum
503 1067 547 1092 ac
578 1054 859 1094 secessionem.
895 1054 932 1092 id
963 1054 1071 1104 quod
1097 1056 1138 1091 et
1164 1056 1259 1091 ante
1284 1053 1494 1094 acciderat.

99 1120 374 1157 Numidarum
415 1133 501 1157 esse
539 1120 587 1158 ad
627 1120 967 1168 conprimendam
1003 1120 1249 1158 seditionem
1285 1120 1493 1168 processit.

99 1187 220 1234 atque
243 1185 320 1233 ille,
347 1199 438 1223 cum
462 1186 495 1222 ei
520 1185 746 1223 multitudo
768 1186 897 1223 maior
917 1199 1038 1235 quam
1054 1185 1333 1223 Numidarum
1357 1185 1497 1233 procul
1521 1191 1551 1222 10

100 1251 198 1298 uisa,
234 1252 271 1288 et
306 1251 459 1288 clamor
493 1252 706 1289 Romanus
738 1252 1056 1301 haudquaquam
1099 1252 1262 1299 ignotus
1300 1251 1348 1288 ad
1388 1251 1499 1289 auris

100 1316 320 1356 accidisset.
352 1316 588 1367 priusquam
619 1317 666 1354 ad
695 1317 821 1354 ictum
851 1317 919 1354 teli
951 1317 1121 1355 ueniret.
1146 1317 1315 1364 capessit
1342 1317 1493 1366 fugam.

100 1395 170 1429 per
188 1393 372 1419 auersam
396 1383 551 1429 portam
575 1382 750 1419 emissus
777 1382 995 1430 adsumpto
1016 1382 1164 1419 comite
1196 1381 1374 1431 Epicyde
1404 1395 1498 1419 cum
1521 1388 1549 1414 11

99 1446 293 1494 paucisad
306 1459 414 1483 mare
428 1447 623 1494 peruenit,
637 1447 825 1496 nactique
839 1449 1066 1495 opportune
1082 1460 1253 1495 paruum
1271 1447 1496 1492 nauigium.

100 1511 239 1550 relicta
260 1511 450 1549 hostibus
471 1513 622 1559 Sicilia,
648 1513 696 1549 ‹10
726 1526 805 1561 qua
832 1526 902 1560 per
923 1515 983 1550 tot
1013 1526 1143 1550 anuos
1170 1515 1370 1550 cei-tatum
1398 1516 1495 1559 erat.

102 1578 143 1614 in
176 1577 360 1615 Africam
392 1578 651 1616 traiecerunt.
712 1578 791 1616 alia
822 1578 1049 1616 multitudo
1081 1579 1317 1616 Poenorum
1348 1578 1553 1616 Siculo-12

101 1655 274 1691 rumque
297 1655 348 1680 ne
370 1645 571 1691 temptato
592 1643 759 1693 quidem
788 1643 1010 1681 certamine
1036 1656 1128 1681 cum
1161 1643 1263 1681 caeci
1292 1643 1330 1680 111
1360 1643 1497 1692 fugam

101 1709 277 1755 ruerent,
304 1708 512 1757 clausique
540 1708 673 1746 exitus
703 1711 849 1747 essent.
880 1709 984 1746 circa
1008 1710 1146 1756 portas
1169 1721 1291 1746 caesa.
1351 1708 1500 1756 oppido
1522 1716 1555 1745 13

101 1775 259 1820 recepto
290 1773 510 1821 Laeuinus,
543 1774 613 1823 qui
644 1774 775 1822 capita
804 1787 939 1811 rerum
966 1774 1185 1824 Agrigenti
1216 1776 1345 1821 erant,
1374 1774 1502 1822 uirgis

100 1850 236 1875 caesos
255 1839 387 1876 securi
406 1840 616 1887 percussit,
639 1841 793 1877 ceteros
807 1839 1081 1888 praedamque
1101 1839 1287 1877 uendidit
1305 1853 1313 1886 ;
1336 1852 1500 1877 omnem

101 1903 314 1951 pecuniam
346 1903 522 1941 Romam
543 1904 670 1941 misit.
729 1904 839 1942 fama
863 1904 1232 1952 Agrigentinorum
1261 1904 1388 1942 eladis
1409 1905 1503 1942 Sici·
1524 1914 1556 1943 14
1602 1941 1605 1943 .

102 1969 201 2006 liam
229 1981 323 2005 cmn
353 1969 615 2016 peruasfsset,
644 1969 783 2006 onmia
818 1971 983 2017 repente
1015 1969 1065 2006 ad
1097 1970 1305 2007 Romanos
1336 1970 1505 2007 inclina-

103 2035 265 2071 uerunt.
325 2034 484 2081 prodita
522 2034 636 2071 breui
676 2037 773 2072 sunt
814 2034 965 2083 uiginti
1006 2034 1163 2082 oppida,
1198 2047 1269 2072 sex
1299 2035 1340 2072 ui
1376 2038 1501 2083 capta,

106 2098 337 2136 uoluntaria
376 2099 582 2137 deditione
621 2100 663 2137 in
703 2100 826 2137 fidem
875 2102 1081 2138 uenerunt
1123 2100 1172 2137 ad
1218 2101 1502 2149 quadraginta.

105 2177 277 2212 quarum
318 2165 550 2203 ciuitatium
591 2166 845 2213 principibus
875 2178 969 2203 cum
1008 2179 1080 2213 pro
1120 2166 1318 2215 cuiusque
1356 2167 1557 2204 merit015

106 2229 249 2266 consul
289 2230 418 2276 pretia
462 2243 692 2280 poenasque
737 2230 981 2268 exsoluisset
1025 2231 1300 2281 coegissetque
1344 2231 1506 2269 Sic-ulos

105 2293 249 2340 positis
271 2294 433 2331 tandem
450 2296 575 2333 armis
596 2297 644 2334 ad
666 2308 811 2345 agrum
832 2295 1050 2333 colendum
1072 2296 1232 2334 animos
1252 2303 1502 2345 conuertere,

106 2359 151 2396 ut
171 2360 274 2396 esset
296 2372 378 2396 non
400 2360 626 2398 incolarum
650 2361 772 2398 modo
801 2360 1016 2398 alimentis
1043 2361 1240 2410 frugifera
1267 2361 1410 2409 insula,
1435 2362 1501 2399 sed
1524 2368 1558 2397 16

788 2438 810 2461 E
