1672 2594
141 101 165 136 8
572 103 714 141 LIVY.
776 103 929 140 BOOK
963 103 1105 140 XXV]
1353 110 1489 141 CHAP.
1510 103 1535 139 6

144 215 244 252 satis
272 215 321 253 ad
353 218 573 265 utrumque
605 216 834 265 profectum
865 219 989 264 ratus,
1025 219 1068 255 ut
1098 219 1135 254 et
1168 217 1377 266 Camliani,
1411 229 1533 266 quam

146 280 255 318 haud
276 280 458 320 multum
480 282 523 320 in
544 281 782 321 Hannibale
801 282 991 331 praesidii
1012 285 1129 331 esset,
1152 284 1192 320 et
1213 283 1299 331 ipse
1321 281 1534 320 Hannibal

109 355 126 383 8
144 346 327 385 sentiret.
387 360 503 385 caesa
528 361 573 385 eo
601 348 665 386 die
692 348 760 398 qui
789 348 912 386 huius
937 361 1098 398 pugnae
1124 350 1309 386 auctores
1330 349 1426 385 sunt
1446 348 1536 385 octo

146 411 262 450 milia
291 412 510 450 hominum
540 413 589 450 de
620 412 871 451 Hannibalis
902 414 1092 462 exercitu,
1128 414 1207 451 tria
1235 426 1285 451 ex
1314 413 1536 462 Campanis

145 476 326 526 tradunt,
367 477 564 527 signaque
603 478 1015 527 Carthaginiensibus
1060 479 1296 528 quindecim
1329 478 1532 527 adempta,

110 552 128 580 9
147 542 434 591 duodeuiginti
473 544 706 593 Campanis.
767 544 873 593 apud
923 544 1025 581 alios
1070 557 1330 593 nequaquam
1377 545 1536 581 tantam

148 608 300 646 molem
338 622 500 658 pugnae
539 598 686 647 inueni
720 609 893 659 plusque
932 610 1098 658 pauoris
1136 622 1258 659 quam
1302 609 1538 648 certaminis

146 673 284 721 fuisse,
309 687 403 712 cum
433 674 648 723 inopinato
677 675 720 711 in
751 677 883 712 castra
910 675 1096 712 Romana
1117 674 1321 712 Numidae
1342 674 1537 723 Hispani-

94 747 130 776 10
148 752 225 789 que
246 752 339 777 oum
365 739 599 789 elephantis
623 740 888 789 inrupissent,
912 739 1121 789 elephanti
1149 753 1220 788 per
1247 740 1382 778 media
1409 740 1539 778 castra

149 804 344 843 uadentes
370 807 549 854 stragem
578 805 939 843 tabernaculorum
971 805 1128 855 ingenti
1157 805 1297 843 sonitu
1325 818 1369 843 ae
1399 805 1539 854 fugam

96 878 128 906 11
148 870 487 919 abrumpentium
512 871 677 908 uincula
698 871 978 909 iumentorum
1000 871 1181 908 facerent
1203 886 1210 917 ;
1240 870 1427 908 fraudem
1447 884 1540 919 quo-

149 949 227 986 que
256 949 379 985 super
408 936 641 974 tumultum
671 937 871 975 adiectam
902 937 1088 974 inmissis
1116 936 1166 974 ab
1197 935 1446 983 Hannibale,
1470 936 1539 986 qui

149 1002 294 1040 habitu
311 1001 458 1039 Italico
479 1003 598 1051 gnari
620 1003 791 1040 Latinae
812 1002 978 1051 linguae
1005 1002 1194 1040 iuberent-
1215 1001 1433 1039 consulum
1455 1015 1538 1039 uer-

149 1067 224 1115 bis,
250 1067 446 1116 quoniam
467 1068 619 1105 amissa
640 1070 770 1106 eastra
791 1070 938 1115 essent,
962 1081 1036 1117 pro
1062 1081 1104 1105 se
1130 1080 1334 1117 quemque
1355 1067 1539 1105 militum

100 1136 134 1167 12
153 1133 195 1171 in
236 1146 462 1182 proxumos
494 1133 648 1171 montis
682 1133 846 1182 fugere3
885 1134 955 1171 sed
989 1146 1080 1171 eam
1114 1133 1298 1171 «elei-iter
1332 1133 1540 1182 cognitam

152 1198 336 1236 fraudem
367 1211 686 1247 oppressamque
720 1212 871 1248 magna
902 1198 1022 1236 caede
1051 1199 1261 1245 hostium3
1301 1198 1543 1248 elephantos

99 1268 134 1296 13
152 1263 237 1311 igni
259 1276 280 1299 e
300 1263 443 1301 castris
459 1265 631 1301 exactos.
674 1264 765 1301 Hoc
787 1264 1262 1313 ultimum—utcumque
1283 1264 1436 1301 initum
1455 1263 1544 1301 fini-

152 1330 324 1377 tumque
346 1330 557 1367 est—ante
579 1329 833 1367 deditionem
854 1330 1015 1378 Capuae
1036 1329 1238 1378 proelium
1255 1329 1345 1367 fuit.
1405 1330 1542 1367 medix

152 1394 319 1441 tuticus,
352 1394 422 1443 qui
457 1407 647 1431 summus
683 1395 950 1443 magistratus
984 1395 1087 1443 apud
1123 1396 1351 1443 Campanos
1389 1396 1459 1443 est,
1495 1408 1543 1432 eo

152 1472 260 1497 anno
290 1459 463 1509 Seppius
493 1460 661 1497 Loesius
690 1462 786 1506 erat,
822 1459 910 1497 loeo
945 1459 1117 1498 obscuro
1150 1459 1346 1509 tenuique
1377 1460 1545 1498 fortuna

101 1538 135 1566 14
153 1527 278 1563 ortus.
337 1527 513 1562 matrem
544 1525 631 1562 eius
652 1525 863 1574 quondam
894 1538 965 1573 pro
994 1525 1153 1574 pupillo
1178 1538 1224 1563 eo
1252 1527 1544 1574 procurantem

154 1590 358 1628 familiare
388 1592 606 1638 ostentum,
642 1603 736 1627 cum
775 1591 1051 1639 respondisset
1090 1591 1296 1639 haruspex
1334 1604 1545 1629 summum
1587 1599 1590 1601 '

155 1656 264 1705 quod
286 1658 393 1694 esset
412 1656 635 1705 imperium
657 1656 816 1705 Capuae
840 1658 1137 1704 peruenturum
1164 1656 1215 1694 ad
1242 1670 1337 1694 eum
1357 1669 1542 1705 puerum,

102 1735 138 1763 15
155 1721 263 1759 nihil
302 1722 352 1759 ad
391 1735 482 1759 eam
521 1734 636 1769 spem
673 1722 989 1770 adgnoscentem
1028 1721 1180 1759 dixisse
1218 1722 1357 1759 ferunt
1390 1724 1463 1760 ‘ne
1499 1724 1545 1760 tu

155 1786 335 1835 perditas
372 1800 437 1825 res
474 1787 780 1835 Campanorum
811 1799 963 1834 narras,
1000 1787 1071 1824 ubi
1109 1799 1299 1824 summus
1331 1786 1463 1825 honos
1497 1787 1546 1825 ad

105 1865 141 1893 16
156 1852 291 1890 filium
313 1865 453 1890 meum
474 1852 711 1901 perueniet.'
760 1865 804 1890 ea
824 1852 1049 1890 ludificatio
1066 1852 1151 1890 ueri
1171 1853 1212 1889 et
1232 1852 1318 1901 ipsa
1338 1853 1381 1890 in
1403 1865 1547 1890 uerum

156 1918 305 1965 uertit;
340 1931 436 1956 nam
465 1931 559 1956 cum
591 1918 699 1955 fame
733 1918 919 1967 ferroque
954 1920 1199 1967 urgerentur
1232 1931 1305 1956 nee
1339 1931 1431 1967 spes
1464 1917 1548 1956 ulla

155 1985 387 2032 superesset
417 1983 508 2021 sisti
530 1996 652 2032 posse,
676 1985 735 2029 iis,
759 1986 826 2031 qui
854 1985 938 2022 uati
968 1984 1009 2021 in
1040 1997 1155 2033 spem
1183 1983 1389 2021 honorum
1415 1985 1541 2032 erant,

104 2060 140 2089 17
155 2048 332 2087 honores
361 2048 693 2096 detrectantibuS,
717 2048 886 2086 Loesius
915 2049 1124 2098 querendo
1154 2049 1359 2087 desertam
1388 2062 1433 2087 ae
1463 2062 1549 2099 pro-

157 2115 286 2153 ditam
307 2128 329 2152 a
350 2114 601 2163 primoribus
621 2114 804 2163 Capuam
828 2127 1041 2153 summum
1063 2115 1352 2164 magistratum
1373 2113 1549 2153 ultimus

156 2180 345 2218 omnium
365 2180 669 2229 Campanorum
689 2180 807 2228 cepit.

124 2260 138 2289 1
211 2244 311 2283 VII.
345 2245 537 2283 Ceterum
573 2244 787 2283 Hannibal
819 2248 863 2283 ut
893 2259 965 2283 neo
1001 2245 1133 2282 hostis
1169 2244 1258 2282 elici
1290 2245 1470 2293 amplius
1500 2245 1548 2283 ad

157 2323 338 2361 pugnam
360 2310 465 2349 uidit
486 2324 615 2360 neque
636 2325 706 2360 per
726 2313 857 2349 castra
884 2324 1024 2348 eorum
1056 2311 1267 2360 perrumpi
1294 2310 1341 2347 ad
1371 2310 1550 2360 Capuam

124 2392 141 2419 2
159 2390 284 2427 posse,
309 2392 359 2416 ne
390 2391 485 2415 suos
515 2391 674 2428 quoque
705 2379 958 2415 commeatus
987 2376 1305 2414 interohulerent
1339 2377 1436 2415 noui
1467 2390 1553 2414 eon-
