1672 2594
116 114 255 145 CHAP.
272 118 322 155 27
546 107 689 143 LIVY.
752 107 907 144 BOOK
938 107 1084 143 XXVI
1458 120 1510 157 33

117 220 160 258 ni
182 220 426 259 simularent
445 220 623 270 aliquem
644 220 722 258 sibi
742 220 935 258 timorem
956 219 1124 257 absente
1152 219 1320 270 conlega
1347 220 1510 258 dicendi

117 285 165 323 de
194 286 361 324 consule
390 299 487 333 esse,
520 285 605 335 ipse
635 286 686 323 iis
714 285 921 335 extemplo
951 285 1122 324 daturus
1151 287 1343 324 senatum
1372 286 1507 325 fuerIt.

118 351 187 389 ubi
207 351 374 401 quidem
395 351 565 401 conlega
586 351 778 398 uenisset,
806 364 891 389 non
910 364 1129 401 passurum
1158 350 1378 401 quicquam
1399 351 1512 401 prius

115 417 192 466 agi,
225 430 349 467 quam
384 420 428 455 ut
462 417 591 455 Siculi
625 417 669 454 in
703 418 893 454 senatum
927 416 1253 455 introducantur.
1313 417 1547 456 dileetums

116 496 239 532 prope
268 497 291 521 a
320 483 374 520 M,
398 483 590 522 Cornelio
619 496 690 532 per
713 484 845 521 totam
870 482 1054 520 Siciliam
1082 482 1286 528 habitum,
1314 485 1359 520 ut
1387 496 1511 532 quam

116 548 299 598 plurumi
330 539 523 598 questum
553 549 600 587 de
632 562 673 586 se
695 549 873 586 Romam
902 548 1119 595 uenirent3
1150 548 1329 586 eundem
1360 548 1512 586 litteris

116 614 230 652 falsis
246 614 390 653 urbem
411 614 604 664 inplesse,
625 614 782 652 bellum
803 614 846 651 in
869 614 1007 652 Sicilia
1027 626 1126 661 esse,
1142 616 1187 652 ut
1207 627 1324 652 suam
1346 614 1510 653 laudem

116 680 291 718 minuat.
350 680 551 718 moderati
589 679 716 718 animi
757 679 929 729 gloriam
968 692 1015 717 eo
1054 678 1118 716 die
1157 678 1329 728 adeptus
1367 679 1545 719 consula

116 748 307 784 senatum
323 745 507 794 dimisit3
529 760 571 784 ac
593 758 718 794 prope
734 745 938 783 iustitium
959 744 1146 782 omnium
1163 757 1301 782 rerum
1322 744 1509 782 futurum

117 811 342 858 uidebatur,
368 811 495 849 donec
516 811 621 849 alter
641 810 783 849 consul
803 810 852 848 ad
880 809 1024 847 urbem
1046 809 1235 847 uenisset.
1297 810 1440 857 otium,
1468 812 1511 848 ut
1531 821 1564 850 10

115 876 231 922 solet,
253 877 448 915 excitauit
470 876 601 926 plebis
622 889 828 914 rumores:
860 874 957 912 belli
981 875 1298 913 diuturnitatfm
1321 877 1359 913 et
1382 877 1510 913 mata-

116 943 181 979 tos
209 954 326 990 agros
356 942 459 979 circa
488 942 642 988 urbem,
675 954 754 990 qua
786 940 932 978 infesto
962 940 1126 989 agmine
1156 940 1253 978 isset
1280 941 1506 987 Hannibal,

115 1006 356 1045 exhaustam
400 1007 619 1045 dilectibus
660 1006 825 1044 Italiam
866 1008 903 1043 et
951 1019 1074 1055 prope
1114 1006 1337 1055 quotannis
1374 1020 1511 1045 caesos

115 1072 318 1110 exercitus
356 1073 643 1122 querebantur.
683 1074 723 1110 et-
762 1072 949 1110 consules
988 1071 1201 1110 bellicosos
1239 1072 1360 1110 ambo
1400 1074 1561 1113 uirosll

113 1138 296 1187 acrisque
320 1138 448 1176 nimis
474 1140 514 1176 et
540 1138 687 1176 ferocis
714 1139 879 1184 creatos,
905 1138 972 1187 qui
1002 1137 1064 1175 uel
1093 1137 1135 1175 in
1167 1152 1261 1188 pace
1290 1139 1510 1187 tranquilla

115 1202 271 1240 bellum
291 1203 466 1241 excitare
488 1205 664 1253 possent,
690 1203 839 1241 nedum
869 1203 910 1240 in
939 1202 1046 1241 bello
1075 1203 1272 1253 respirare
1297 1203 1508 1242 ciuitatem

114 1268 248 1306 forent
268 1269 438 1318 passuri.

169 1333 352 1372 XXVII.
380 1334 608 1384 Interrupit
628 1335 704 1373 hos
724 1347 936 1372 sermones
956 1336 1084 1383 nocte,
1111 1348 1214 1384 quae
1235 1334 1365 1384 pridie.
1387 1335 1508 1382 Quin-
1529 1347 1541 1376 1

114 1402 284 1449 quattus
318 1400 409 1448 fuit,
443 1400 634 1450 pluribus
665 1401 788 1439 simul
821 1400 920 1439 locis
954 1400 1059 1438 circa
1094 1401 1230 1438 forum
1268 1401 1507 1439 incendium

112 1467 265 1504 ortum.
321 1465 465 1503 eodem
485 1468 670 1516 tempore
692 1468 849 1515 septem
873 1466 1077 1513 tabernae,
1101 1480 1205 1516 quae
1234 1469 1373 1515 postea
1393 1467 1509 1516 quin·
1526 1478 1544 1506 2

113 1544 201 1580 que,
234 1532 275 1568 et
305 1531 567 1581 argentariae,
600 1545 702 1581 quae
736 1545 846 1569 nunc
880 1545 1010 1570 nouae
1043 1531 1314 1581 appellantur.
1349 1546 1508 1580 arse1·e;

112 1596 392 1646 conprehensa
417 1598 554 1646 postea
580 1597 743 1647 priuata
764 1597 1135 1647 aedificia—neque
1158 1598 1268 1635 enim
1295 1600 1385 1635 tum
1407 1598 1508 1636 basi·
1527 1612 1544 1639 3

111 1661 211 1699 licae
231 1664 414 1709 erant——‚
433 1663 733 1712 conprehensae
755 1662 981 1700 lautumiae
1001 1663 1220 1712 forumque
1242 1663 1507 1712 piscatorium

112 1730 152 1766 et
186 1727 340 1766 atrium
372 1728 542 1778 regium.
600 1729 712 1767 aedis
739 1728 889 1767 Vestae
923 1729 990 1766 uix
1022 1729 1189 1767 defensa
1223 1731 1282 1766 est
1313 1729 1508 1767 tredecim
1527 1740 1543 1767 4

113 1793 291 1831 maxime
312 1806 526 1831 seruorum
549 1807 680 1844 opera,
704 1794 775 1843 «elui
797 1794 837 1831 in
859 1793 1071 1842 publicum
1094 1794 1296 1844 redempti
1316 1808 1359 1832 ac
1382 1807 1507 1832 manu

114 1859 233 1897 missi
252 1862 360 1897 sunt.
423 1862 541 1898 nocte
561 1873 606 1897 ac
627 1860 692 1897 die
719 1860 1007 1897 continuatum
1036 1859 1274 1897 incendium
1296 1861 1374 1898 fuit
1394 1875 1402 1907 ;
1435 1874 1508 1898 nec
1527 1872 1544 1901 5

113 1924 187 1962 ulli
229 1924 403 1962 dubium
443 1927 531 1962 erat
569 1925 751 1963 humana
795 1925 834 1963 id
882 1925 1024 1963 fraude
1061 1926 1218 1963 factum
1257 1939 1356 1974 esse,
1398 1927 1509 1976 quod

112 1989 300 2038 pluribus
339 1990 466 2028 simul
505 1990 611 2038 locis,
651 1993 691 2028 et
732 1991 784 2028 iis
822 1990 1007 2038 diuersis,
1047 1991 1164 2040 ignes
1198 1991 1327 2029 coorti
1356 1995 1506 2030 essent.

113 2054 248 2104 itaque
268 2055 412 2093 consul
434 2069 481 2093 ex
503 2056 747 2094 auctoritate
768 2058 937 2094 senatus
958 2070 1031 2105 pro
1052 2057 1243 2095 contione
1264 2057 1403 2105 edixit,
1423 2057 1504 2107 qui,
1527 2066 1544 2093 6

113 2133 290 2169 quorum
320 2134 443 2170 opera
471 2121 512 2159 id
547 2122 773 2160 conflatum
809 2121 1060 2170 incendium,
1094 2123 1366 2171 profiteretur,
1400 2136 1509 2172 prae-

113 2184 246 2223 mium
276 2185 362 2224 fore
392 2185 521 2224 libero
550 2188 778 2236 pecuniam,
801 2200 919 2225 seruo
949 2187 1192 2226 libertatem.
1252 2202 1299 2226 eo
1326 2189 1509 2236 praemio
1527 2199 1543 2226 ῖ

113 2249 308 2289 inductus
323 2252 629 2301 Campanorum
644 2252 911 2291 Calauiorum
933 2253 1283 2291 seruus—Manus
1299 2253 1334 2291 ei
1357 2267 1509 2292 nomen

111 2315 451 2355 erat—indicauit
467 2317 659 2356 dominos
673 2320 713 2356 et
730 2318 913 2368 quinque
933 2320 1140 2368 praeterea
1160 2318 1332 2356 iuuenes
1351 2319 1511 2357 nobiles

113 2378 353 2430 Campanos,
391 2396 564 2432 quorum
604 2385 796 2433 parentes
836 2398 858 2421 a
897 2385 942 2432 Q.
978 2384 1126 2422 Fuluio
1165 2385 1297 2422 securi
1328 2385 1508 2434 percussi

798 2462 823 2486 D
