1672 2594
105 94 240 123 CHAP.
257 86 282 121 6
536 85 678 122 LII'Y.
740 85 894 121 BOOK
926 85 1069 122 XXVI
1473 98 1495 137 7

105 198 299 236 ficiendos
327 198 403 236 sub
434 197 544 236 uallo
573 211 671 237 esse.
734 211 808 236 nec
837 199 978 248 magni
1008 199 1247 237 certaminis
1276 212 1361 237 rem
1385 200 1494 239 fore:
1516 214 1547 241 1⁴

104 277 252 313 paucos
290 277 376 302 esse
412 266 454 302 et
492 264 542 301 ab
581 264 666 302 suis
699 263 954 311 interclusos,
992 266 1034 302 et
1068 277 1180 314 quae,
1217 264 1317 302 dum
1351 268 1496 314 paueat

105 330 327 376 Romanus,
362 329 595 378 interrupta
628 329 735 368 acies
775 329 972 377 uideatur,
1006 342 1107 370 eam.
1141 329 1177 368 si
1208 342 1250 368 se
1288 329 1497 379 utrimque

103 395 148 432 in
177 395 341 432 hostem
369 396 514 441 uertat,
547 394 718 444 ancipiti
746 407 883 444 pugna
913 394 1071 432 medios
1103 395 1492 433 circumuenturam.

104 460 262 498 Nauius
292 460 361 498 ubi
391 460 489 498 haec
520 460 778 509 imperatoris
809 460 918 498 dicta
947 460 1110 509 accepit,
1143 460 1312 498 secundi
1345 459 1497 498 hastati
1514 465 1549 495 15

103 526 270 576 signum
300 526 541 574 ademptum
571 525 766 575 signifero
800 526 843 563 in
877 526 1006 564 hostis
1039 525 1179 574 infert,
1214 525 1418 564 iacturum
1452 526 1496 564 in

104 591 263 630 medios
296 604 365 629 eos
403 591 612 637 minitans,
647 591 692 629 ni
731 605 772 629 se
806 604 978 640 propere
1007 596 1233 641 sequantur
1265 591 1419 629 milites
1457 593 1498 630 et

106 658 264 706 partem
304 659 518 705 capessant
558 670 729 706 pugnae.
798 657 945 706 ingens
984 670 1131 706 corpus
1166 658 1261 704 erat,
1305 659 1346 695 et
1385 670 1499 696 arma
1517 664 1550 692 lG

105 722 404 768 honestabant;
452 724 491 760 ‹t-
539 721 752 760 sublatum
799 722 879 760 alte
929 722 1095 771 signum
1144 724 1403 760 conuerterat
1447 724 1495 761 ad

104 787 384 838 spectaculum
423 787 527 825 ciuis
562 787 785 837 hostisque.
842 790 1021 826 ceterum
1069 789 1285 838 postquam
1325 788 1408 826 iam
1446 788 1496 826 ad
1517 795 1549 823 17

103 853 221 901 signa
241 855 481 903 peruenerat
498 853 796 902 Hispanorum,
817 855 907 891 tum
930 853 1111 902 undique
1132 853 1173 890 in
1195 866 1290 891 eum
1312 853 1498 904 tragulae

104 919 308 957 coniectae
342 922 382 957 et
420 931 546 968 prope
580 920 667 956 tota
701 918 743 956 in
780 931 908 956 unum
942 919 1048 956 acies
1086 931 1223 965 uersa;
1264 918 1333 957 sed
1369 932 1498 969 neque

104 984 328 1022 multitudo
356 984 538 1021 hostium
567 997 697 1032 neque
724 983 902 1022 telorum
933 985 994 1021 uis
1021 997 1155 1022 arcere
1180 985 1383 1034 impetum
1410 986 1498 1023 eius

104 1050 182 1087 uiri
213 1052 447 1099 potuerunt.
509 1047 582 1087 VI.
612 1049 663 1086 Et
698 1048 748 1086 M.
772 1049 930 1087 Atilius
960 1049 1118 1098 legatus
1147 1050 1271 1099 primi
1302 1049 1526 1099 principisl

103 1128 152 1152 ex
177 1114 317 1152 eadem
347 1114 508 1164 legione
536 1113 704 1163 signum
732 1114 883 1152 inferre
910 1114 951 1151 in
980 1115 1191 1153 cohortem
1214 1114 1496 1164 Hispanorum

105 1181 235 1231 coepit
255 1195 262 1221 :
284 1182 323 1219 et
338 1181 407 1229 qui
429 1179 572 1217 castris
593 1183 807 1228 praeerant
821 1180 866 1219 L.
881 1180 1053 1218 Porcius
1073 1180 1244 1219 Licinus
1264 1183 1302 1218 et
1317 1181 1360 1219 T.
1380 1180 1498 1229 Popi-

103 1245 185 1283 lius
207 1245 328 1295 legati
350 1259 422 1295 pro
442 1245 554 1283 uallo
574 1244 721 1282 acriter
741 1248 1003 1295 propugnant
1024 1245 1347 1296 elephantosque
1368 1248 1497 1283 trans-

102 1311 336 1360 gredientes
358 1311 400 1349 in
422 1311 510 1360 ipso
532 1311 640 1348 uallo
660 1310 896 1349 conficiunt.
948 1325 1122 1360 quorum
1144 1311 1382 1361 corporibus
1403 1324 1495 1349 cum
1514 1320 1532 1348 2

102 1376 268 1426 oppleta
287 1376 394 1415 fossa
414 1379 531 1422 esset,
556 1376 671 1414 uelut
691 1389 837 1425 aggere
864 1379 933 1414 aut
955 1379 1081 1426 ponte
1100 1377 1251 1415 iniecto
1272 1377 1495 1415 transitum

103 1442 292 1480 hostibus
312 1442 437 1480 dedit.
498 1441 557 1479 ibi
584 1454 704 1491 snper
731 1443 909 1491 stragem
938 1442 1160 1480 iacentium
1180 1442 1495 1492 elephantorum

100 1510 216 1546 atrox
246 1507 353 1546 edita
382 1507 532 1545 caedes.
593 1507 720 1545 altera
750 1507 792 1544 in
822 1509 936 1556 parte
965 1510 1192 1546 castrorum
1226 1509 1308 1546 iam
1341 1508 1495 1558 inpulsi
1514 1515 1532 1543 3

101 1576 216 1612 erant
240 1573 439 1623 Campani
466 1574 753 1622 Punicumque
783 1573 1032 1621 praesidium
1070 1576 1110 1612 et
1145 1574 1221 1612 sub
1255 1574 1344 1623 ipsa
1376 1576 1495 1623 porta

103 1639 274 1688 Capuae,
291 1638 656 1688 quaeVulturnum
671 1639 760 1686 fert,
777 1638 1038 1687 pugnabatur
1056 1654 1063 1686 ;
1093 1653 1224 1689 neque
1240 1642 1326 1678 tam
1346 1639 1497 1677 armati
1515 1646 1531 1673 4

103 1703 440 1752 inrumpentibus
470 1704 671 1742 Romanis
705 1704 968 1752 resistebant,
1007 1717 1130 1754 quam
1166 1706 1282 1754 porta
1321 1703 1497 1743 ballistis

104 1769 471 1818 scorpionibusque
503 1770 703 1807 instructa
733 1769 964 1807 missilibus
994 1769 1136 1819 procul
1166 1769 1298 1807 hostis
1324 1770 1495 1808 arcebat.

104 1836 143 1872 et
165 1835 392 1884 suppressit
419 1835 623 1884 impetum
646 1835 930 1873 Romanorum
956 1835 1109 1873 uulnus
1134 1835 1394 1884 imperatoris
1414 1838 1492 1885 Ap.
1513 1842 1531 1872 5

103 1900 260 1947 Claudi,
284 1900 347 1938 cui
367 1913 462 1938 suos
480 1902 576 1938 ante
595 1900 728 1949 prima
746 1900 862 1949 signa
877 1899 1113 1938 adhortanti
1128 1900 1204 1938 sub
1219 1900 1337 1939 laeuo
1353 1914 1496 1940 umero

103 1978 316 2004 summum
334 1968 475 2015 pectus
491 1979 610 2015 gaeso
629 1966 759 2003 ictum
779 1968 851 2004 est.
902 1978 1052 2016 magna
1069 1966 1132 2003 uis
1147 1968 1288 2004 tamen
1308 1965 1495 2018 hostium

103 2033 198 2069 ante
219 2033 379 2081 portam
400 2033 462 2069 est
484 2044 607 2078 caesa,
632 2031 753 2069 ceteri
782 2031 931 2080 trepidi
960 2032 1003 2069 in
1031 2031 1173 2070 urbem
1195 2031 1393 2082 conpulsi.
1455 2036 1493 2071 et
1513 2040 1530 2067 6

106 2096 330 2143 Hannibal,
369 2098 589 2146 postquam
628 2096 808 2135 cohortis
848 2097 1133 2146 Hispanorum
1172 2099 1352 2147 stragem
1391 2098 1494 2137 uidit

105 2175 348 2211 summaque
374 2163 415 2200 ui
442 2164 574 2200 castra
600 2162 786 2201 hostium
816 2161 990 2211 defendi,
1012 2162 1163 2200 omissa
1190 2164 1496 2212 oppugnatione

103 2227 282 2277 recipere
301 2228 418 2277 signa
438 2230 478 2265 et
500 2229 738 2266 conuertere
758 2241 904 2277 agmen
925 2227 1111 2277 peditum
1132 2227 1290 2266 obiecto
1311 2228 1361 2265 ab
1382 2230 1494 2277 tergo

103 2293 300 2343 equitatu,
324 2305 376 2331 ne
402 2293 535 2331 hostis
561 2293 744 2341 instaret,
769 2294 910 2342 coepit.
971 2293 1181 2342 legionum
1203 2292 1322 2331 ardor
1347 2294 1493 2343 ingens
1512 2299 1528 2326 7

104 2359 154 2396 ad
184 2358 344 2396 hostem
376 2358 676 2408 insequendum
704 2358 807 2405 fuit:
839 2358 1006 2397 Flaccus
1035 2359 1215 2408 receptui
1242 2359 1331 2397 cani
1360 2359 1489 2405 iussit,
