1672 2594
160 135 211 161 22
592 123 737 161 LIVY.
798 122 955 161 BOOK
987 122 1129 160 XXVI
1351 129 1556 171 CHAP.17

160 237 410 286 impetrauit,
434 238 642 287 extemplo
663 238 807 287 primis
834 237 1016 276 tenebris
1044 240 1166 287 atque
1194 236 1288 274 inde
1315 238 1400 274 tota
1425 238 1557 282 nocte,

160 303 270 352 quod
309 303 603 352 grauissimum
642 303 846 341 exercitus
885 305 981 350 erat,
1025 302 1263 341 Hasdrubal
1301 314 1559 352 quacumque

125 378 142 403 s
160 369 297 416 posset
318 368 489 405 euadere
511 381 529 406 c
549 369 653 406 saltu
676 368 808 406 iussit.
867 368 961 406 data
981 368 1124 406 sedulo
1139 380 1259 417 opera
1275 369 1348 414 est,
1367 381 1419 405 ne
1435 366 1560 405 multi

161 446 205 470 ea
237 434 354 471 nocte
383 434 557 482 exirent,
591 436 636 471 ut
663 434 751 483 ipsa
785 434 968 482 paucitas
1001 447 1095 471 cum
1125 434 1175 471 ad
1206 433 1365 471 hostem
1395 432 1561 471 silentio

161 498 389 536 fallendum
419 499 553 548 aptior
580 501 670 537 tum
698 499 746 536 ad
778 499 1041 537 euadendum
1073 512 1145 547 per
1175 501 1284 536 artas
1314 498 1483 536 semitas
1516 511 1561 536 ac

127 570 144 595 0
163 563 341 602 difficilis
370 565 486 602 esset.
548 566 723 601 uentum
755 564 989 613 insequenti
1023 564 1088 601 die
1112 564 1161 601 ad
1190 564 1452 613 conloquium
1475 565 1560 612 est3

162 631 231 668 sed
254 630 460 679 loquendo
486 630 602 679 plura
625 630 922 679 scribendoque
950 629 1088 667 dedita
1114 643 1243 678 opera,
1277 642 1380 679 quae
1403 629 1448 667 in
1475 642 1562 667 rem

112 700 144 730 10
163 709 248 733 non
269 697 416 744 essent5
442 696 506 733 die
527 697 773 744 consumpto
796 695 838 731 in
860 696 1071 743 posterum
1093 695 1269 732 dilatum
1291 697 1363 733 est.
1423 694 1564 733 addita

113 770 140 796 11
163 761 383 810 insequens
404 774 484 798 nox
505 760 685 810 spatium
703 759 816 797 dedit
837 761 878 797 et
899 759 1000 797 alios
1015 760 1247 798 emittendi.
1311 773 1383 797 nec
1399 762 1563 809 postero

163 826 228 864 die
258 840 320 864 res
349 827 475 864 finem
506 825 680 863 inuenit.
740 825 797 863 ita
825 826 983 875 aliquot
1014 826 1101 863 dies
1132 825 1396 875 disceptando
1426 824 1563 874 palam

164 893 212 930 de
233 892 394 942 legibus
415 893 634 941 noctesque
657 891 900 929 emittendis
923 891 1028 929 clam
1050 904 1070 928 e
1091 891 1237 929 castris
1258 890 1567 940 Carthaginien·

163 957 276 996 sibus
295 958 548 1006 absumptae.
607 959 645 995 et
667 959 885 1006 postquam
915 969 1006 1005 pars
1034 957 1164 994 maior
1190 956 1339 994 emissa
1364 955 1566 994 exercitus

115 1024 259 1069 1201111,
293 1022 375 1061 iam
406 1037 456 1061 ne
489 1023 537 1060 iis
567 1022 747 1072 quidem,
784 1035 884 1071 quae
927 1021 1034 1060 ultro
1068 1022 1175 1060 dicta
1205 1024 1332 1061 erant.
1365 1021 1561 1068 afflabatur,

164 1088 383 1137 minusque
412 1101 455 1126 ac
485 1088 628 1127 minus
651 1101 744 1125 cum
767 1088 913 1125 timore
938 1088 1065 1126 simul
1090 1089 1168 1126 fide
1193 1089 1449 1127 decrescente
1477 1100 1566 1124 con·

166 1154 368 1193 ueniebat.
448 1155 529 1192 iam
569 1155 695 1191 ferme
735 1155 944 1203 pedestres
985 1167 1129 1192 omnes
1168 1154 1304 1203 copiae
1350 1154 1564 1191 euaserant

165 1236 184 1257 c
225 1219 346 1267 saltu,
389 1233 481 1257 cum
530 1220 664 1268 prima
703 1219 791 1257 luce
837 1220 959 1257 densa
1010 1220 1158 1258 nebula
1202 1220 1353 1258 saltum
1401 1231 1566 1257 omnem

166 1298 411 1334 camposque
433 1286 537 1323 circa
559 1285 716 1323 intexit.
780 1286 887 1334 quod
914 1286 982 1324 ubi
1004 1286 1132 1323 sensit
1159 1285 1411 1333 Hasdrubal,
1437 1284 1567 1322 mittit

165 1351 213 1388 ad
243 1351 459 1389 Neronem.
495 1351 564 1400 qui
594 1351 634 1388 in
663 1354 872 1400 posterum
914 1351 1023 1389 diem
1056 1352 1321 1401 conloquium
1358 1351 1568 1390 differret:

166 1416 284 1454 illum
306 1417 417 1455 diem
438 1417 674 1466 religiosum
706 1416 1120 1466 Carthaginiensibus
1148 1417 1196 1455 ad
1226 1417 1431 1467 agendum
1459 1416 1568 1466 quic-

115 1487 148 1516 13
168 1495 290 1531 quam
318 1482 375 1520 rei
405 1482 531 1519 seriae
559 1495 656 1520 esse.
718 1495 768 1519 ne
801 1484 889 1519 tum
921 1483 1086 1532 quidem
1117 1485 1303 1531 suspecta
1333 1482 1446 1520 fraus
1476 1495 1568 1519 cum

167 1550 284 1595 esset⁷
326 1548 420 1586 data
460 1547 579 1585 uenia
619 1547 707 1585 eius
753 1547 847 1596 diei,
881 1549 1169 1597 extemploque
1204 1547 1443 1585 Hasdrubal
1474 1559 1570 1585 culn

168 1613 353 1663 equitatu
384 1612 697 1662 elephantisque
727 1613 868 1651 castris
889 1626 1078 1663 egressus
1099 1614 1188 1651 sine
1216 1613 1299 1651 ullo
1320 1612 1506 1651 tumultu
1526 1606 1570 1650 in

117 1688 148 1714 14
169 1681 307 1716 tutum
323 1679 466 1716 euasit.
527 1679 628 1716 hora
649 1679 775 1716 ferme
792 1681 934 1728 quarta
952 1679 1133 1728 dispulsa
1147 1679 1230 1717 sole
1246 1679 1395 1717 nebula
1411 1678 1572 1728 aperuit

118 1751 150 1779 15
169 1744 290 1791 diem,
316 1757 524 1794 uacuaque
551 1744 735 1781 hostium
757 1746 889 1782 castra
909 1747 1213 1793 conspexerunt
1233 1744 1421 1783 Romani.
1479 1747 1570 1783 tum

169 1810 337 1847 demum
366 1810 562 1848 Claudius
592 1809 795 1847 Punicam
825 1810 1014 1847 fraudem
1043 1811 1309 1859 adgnoscens.
1340 1812 1386 1849 ut
1409 1823 1451 1848 se
1478 1809 1572 1848 dolo

169 1877 333 1924 captum
355 1875 496 1923 sensit,
514 1875 841 1924 proficiscentem
864 1876 1017 1914 institit
1039 1876 1152 1925 sequi
1167 1878 1334 1925 paratus
1354 1876 1573 1925 confligere

119 1949 153 1976 111
171 1942 253 1978 acie
271 1956 279 1988 ;
313 1941 383 1979 sed
415 1941 545 1979 hostis
577 1941 827 1980 detrectabat
855 1955 1048 1992 pugnam.
1110 1942 1217 1980 leuia
1245 1944 1386 1980 tamen
1419 1940 1574 1990 proelia

172 2007 280 2044 inter
294 2008 526 2044 extremum
540 2006 746 2045 Punicum
760 2020 907 2056 agmen
917 2007 1572 2057 praecursoresqueRomanorum

172 2071 338 2110 fiebant.

138 2148 150 2174 1
228 2137 393 2176 XVIII.
428 2138 544 2176 Inter
569 2138 667 2176 haec
700 2138 924 2187 Hispaniae
944 2138 1085 2187 populi
1106 2152 1179 2177 nec
1204 2139 1274 2188 qui
1299 2140 1391 2187 post
1418 2137 1574 2176 cladem

176 2205 382 2251 acceptam
413 2203 643 2241 defecerant
675 2204 862 2242 redibant
901 2205 949 2241 ad
991 2205 1209 2251 Romanos,
1250 2218 1323 2242 nec
1362 2203 1437 2241 ulli
1476 2204 1574 2242 noui

141 2268 428 2308 Qdeficiebant.
506 2271 548 2307 et
586 2270 742 2308 Romae
781 2270 941 2308 senatui
979 2271 1213 2320 populoque
1250 2272 1340 2319 post
1371 2271 1574 2319 receptam

176 2336 355 2384 Capuam
386 2348 465 2373 non
494 2334 639 2373 Italiae
669 2335 751 2373 iam
782 2336 915 2373 maior
945 2349 1067 2385 quam
1099 2335 1324 2385 Hispaniae
1352 2349 1448 2373 cura
1475 2338 1571 2373 erat.

141 2413 158 2437 t:
176 2403 213 2438 et
237 2401 461 2439 exercitum
482 2401 620 2450 augeri
641 2404 675 2438 et
701 2401 989 2450 imperatoreln
1006 2402 1117 2440 1111111
1131 2402 1326 2451 placebat.
1388 2414 1459 2439 1100
1477 2404 1571 2446 tam,
