1672 2594
148 102 283 132 CHAP.
306 106 353 133 10
578 93 722 131 LIVY.
784 94 939 130 BOOK
972 93 1113 129 XXV]
1496 106 1538 131 11

146 221 239 246 cum
275 208 422 246 Fuluio
452 207 688 257 expeditum
723 208 801 244 iter
830 219 911 244 non
943 220 1013 256 per
1044 206 1157 244 urbis
1187 207 1308 245 modo
1337 208 1407 246 sed
1437 208 1542 247 circa

146 274 259 312 uiam
281 273 474 322 expositis
494 273 671 322 benigne
692 273 993 310 commeatibus
1013 274 1108 319 erat,
1131 272 1366 322 alacresque
1390 273 1543 312 milites

145 339 251 377 alius
270 338 410 385 alium,
437 340 484 376 ut
507 338 675 376 adderet
704 337 876 387 gradum
906 350 1065 375 memor
1088 338 1138 375 ad
1167 337 1466 376 defendendam
1491 339 1541 376 iri

145 404 332 453 patriam,
374 403 657 442 hortabantur.
719 403 895 441 Romam
930 403 1199 452 Fregellanus
1228 403 1403 441 nuntius
1432 405 1540 442 diem
1561 415 1578 443 6

146 471 389 519 noctemque
426 470 573 507 itinere
612 470 851 507 continuato
891 471 1102 518 ingentem
1141 469 1280 507 attulit
1317 471 1542 518 terrorem3

144 535 455 583 tumultuosius,
480 548 604 585 quam
630 536 731 584 quod
755 534 927 572 allatum
956 536 1052 581 erat,
1083 547 1296 573 concursus
1323 536 1540 574 hominum

144 600 446 650 adfingentium
477 613 585 639 uana
610 600 762 639 auditis
788 601 919 638 totam
943 599 1088 638 urbem
1113 601 1298 638 concitat.
1358 601 1543 650 ploratus
1561 612 1577 640 7

145 666 368 704 mulierum
390 680 472 705 non
493 680 542 705 ex
562 666 735 716 priuatis
759 665 897 703 solum
925 666 1118 703 domibus
1141 666 1447 706 exaudiebatur.
1474 668 1540 705 sed

146 733 326 782 undique
351 735 562 770 matronae
592 732 632 770 in
665 732 874 781 publicum
905 732 1060 770 effusae
1089 733 1193 770 circa
1222 732 1345 770 deum
1374 733 1542 771 delubra

146 799 391 837 discurrunt.
426 798 612 836 crinibus
649 798 781 847 passis
818 810 907 836 aras
946 800 1166 845 uerrentes‚
1204 798 1324 836 nixae
1357 798 1540 846 genibus.

146 863 314 913 supinas
344 877 492 902 manus
514 863 562 902 ad
593 863 751 902 caelum
776 877 818 901 ac
847 863 943 901 deos
973 864 1186 901 tendentes
1210 866 1465 914 orantesque,
1498 869 1537 903 ut
1564 878 1579 901 s

148 930 289 967 urbem
322 930 549 967 Romanam
582 942 603 965 e
633 929 827 966 manibus
860 929 1042 966 hostium
1075 930 1279 978 eriperent
1311 932 1544 979 matresque

148 996 354 1033 Romanas
384 997 424 1032 et
464 994 615 1032 liberos
650 1008 796 1043 paruos
833 994 1055 1032 inuiolatos
1093 998 1317 1033 seruarent.
1378 999 1580 1034 senatusa

148 1061 458 1109 magistratibus
489 1061 530 1097 in
561 1062 646 1097 soro
671 1063 830 1109 praesto
860 1065 933 1107 cst,
963 1061 995 1097 si
1029 1060 1126 1110 quid
1157 1061 1367 1098 consulere
1400 1061 1540 1099 uelint.

145 1126 215 1164 alii
229 1126 435 1176 accipiunt
456 1126 627 1175 imperia
641 1126 935 1175 disceduntque
950 1126 999 1164 ad
1020 1139 1114 1164 suas
1132 1126 1304 1176 quisque
1320 1127 1542 1166 officiorum

146 1192 284 1241 partiS.
309 1192 378 1230 alii
402 1192 583 1229 offerunt
606 1205 656 1231 sc.
683 1191 714 1228 si
741 1204 822 1239 quo
854 1204 951 1229 usus
973 1205 1118 1240 operae
1148 1193 1211 1230 sit.
1274 1193 1473 1242 [anesidia
1502 1194 1542 1230 in

145 1271 245 1305 arce,
279 1258 320 1295 in
352 1257 566 1307 Capitolio,
600 1257 641 1294 in
673 1257 814 1295 muris.
847 1257 951 1294 circa
982 1257 1137 1304 urbem⁷
1173 1257 1213 1294 in
1246 1261 1386 1296 monte
1418 1258 1543 1297 etiam

147 1323 309 1361 Albano
338 1325 461 1371 atquc
490 1336 580 1360 arce
604 1322 806 1360 Aefulana
837 1325 1062 1370 ponuntur.
1125 1323 1233 1360 inter
1260 1323 1369 1361 hunc
1394 1325 1598 1364 tumul-10

146 1391 236 1426 tum
258 1388 302 1436 Q.
328 1388 522 1426 Fuluium
544 1388 829 1437 proconsulem
845 1388 1076 1436 profectum
1091 1402 1185 1425 cum
1206 1390 1385 1427 exercitu
1408 1390 1545 1438 Capua

146 1454 329 1492 adfertur
347 1468 355 1500 ;
385 1453 449 1492 cui
471 1467 521 1491 ne
542 1453 804 1491 minueretur
825 1454 1056 1502 imperium,
1080 1454 1112 1491 si
1130 1454 1170 1491 in
1194 1454 1336 1492 urbem
1351 1456 1542 1502 uenisset,

146 1519 328 1557 decernit
348 1520 524 1565 senatus,
548 1520 591 1556 ut
614 1519 659 1567 Q.
685 1518 833 1556 Fuluio
854 1532 926 1568 par
945 1532 1039 1556 cum
1061 1520 1298 1557 consulibus
1324 1520 1543 1570 imperium

145 1585 264 1621 esset.
353 1583 567 1622 Hannibal
608 1583 802 1622 infestius
841 1585 1109 1633 perpopulato
1160 1599 1256 1631 agro
1303 1584 1546 1635 Fregellano
1567 1598 1596 1626 11

148 1651 313 1697 propter
342 1649 555 1687 interciSos
578 1649 726 1699 pontis.
760 1663 830 1698 per
862 1650 1122 1687 Frusinatem
1155 1650 1545 1700 Ferentinatemque

147 1715 188 1751 et
221 1715 494 1763 Anagninum
525 1728 669 1763 agrum
709 1714 751 1752 in
793 1714 1047 1752 Labicanum
1084 1716 1209 1754 uenit.
1270 1716 1364 1754 inde
1396 1716 1546 1765 Algido
1566 1727 1600 1756 12

147 1779 373 1817 Tusculum
412 1779 540 1829 petiit.
583 1793 656 1817 nec
694 1782 881 1829 receptus
919 1781 1136 1818 moenibus
1174 1781 1281 1819 infra.
1319 1782 1545 1820 Tusculum

149 1844 386 1882 dextrorsus
426 1845 579 1883 Gabios
619 1845 840 1883 descendit.
904 1845 999 1883 inde
1031 1846 1073 1883 in
1107 1846 1331 1895 Pupiniam
1368 1848 1544 1885 exercitu

149 1910 326 1948 demisso
357 1912 447 1948 octo
478 1910 595 1948 milia
623 1923 820 1959 passuum
850 1909 900 1948 ab
931 1910 1062 1948 Roma
1091 1912 1227 1960 posuit
1267 1914 1406 1950 castra.
1467 1927 1546 1962 quo
1568 1921 1600 1949 13

149 1976 315 2025 propius
344 1976 476 2014 hostis
500 1975 724 2015 accedebat.
753 1990 798 2013 eo
823 1975 955 2013 maior
984 1976 1122 2014 caedes
1150 1978 1272 2015 fiebat
1296 1976 1547 2026 fugientium

149 2042 487 2090 praecedentibus
510 2040 713 2087 Numidis,
745 2041 962 2091 pluresque
987 2042 1175 2080 omnium
1202 2055 1398 2089 generum
1426 2046 1547 2092 atque

149 2108 347 2145 aetatium
369 2107 646 2156 capiebantur.

206 2173 256 2211 X.
290 2173 341 2210 In
379 2173 455 2211 hoc
490 2172 675 2211 tumultu
710 2173 882 2210 Fuluius
914 2172 1079 2211 Flaccus
1111 2176 1227 2223 porta
1264 2175 1425 2223 Capena
1455 2184 1580 2212 cuml

151 2239 329 2277 exercitu
352 2240 526 2277 Romam
549 2239 757 2290 ingressus
778 2238 912 2276 media
938 2238 1038 2276 urbe
1064 2253 1134 2288 per
1154 2240 1322 2278 Carinas
1341 2239 1550 2289 Esquilias

153 2305 394 2345 contendit:
442 2305 539 2343 inde
576 2317 762 2355 egressus
802 2305 908 2342 inter
957 2304 1218 2354 Esquilinam
1264 2305 1549 2353 Collinamque

153 2372 312 2419 portam
345 2371 481 2420 posuit
513 2374 654 2409 castra.
715 2369 868 2408 aediles
901 2369 1035 2419 plebis
1070 2374 1345 2409 commeatum
1375 2384 1422 2407 eo
1462 2379 1583 2408 con-2
