<?xml version="1.0" encoding="UTF-8"?>
<!DOCTYPE html PUBLIC "-//W3C//DTD XHTML 1.0 Transitional//EN"
    "http://www.w3.org/TR/xhtml1/DTD/xhtml1-transitional.dtd">
<html xmlns="http://www.w3.org/1999/xhtml" xml:lang="en" lang="en">
 <head>
  <title>
</title>
<meta http-equiv="Content-Type" content="text/html;charset=utf-8" />
  <meta name='ocr-system' content='tesseract 3.04.00' />
  <meta name='ocr-capabilities' content='ocr_page ocr_carea ocr_par ocr_line ocrx_word'/>
</head>
<body>
  <div class='ocr_page' id='page_1' title='image "./bookxxvi00livyuoft_0037.png"; bbox 0 0 1642 2563; ppageno 0'>
   <div class='ocr_carea' id='block_1_1' title="bbox 428 555 1168 840">
    <p class='ocr_par' dir='ltr' id='par_1_1' title="bbox 428 555 1168 840">
     <span class='ocr_line' id='line_1_1' title="bbox 537 555 1059 617; baseline -0.002 0"><span class='ocrx_word' id='word_1_1' title='bbox 537 557 587 617; x_wconf 92' lang='lat' dir='ltr'>T</span> <span class='ocrx_word' id='word_1_2' title='bbox 607 555 637 616; x_wconf 92' lang='lat' dir='ltr'>I</span> <span class='ocrx_word' id='word_1_3' title='bbox 657 558 707 616; x_wconf 91' lang='lat' dir='ltr'>T</span> <span class='ocrx_word' id='word_1_4' title='bbox 729 557 758 616; x_wconf 93' lang='lat' dir='ltr'>I</span> <span class='ocrx_word' id='word_1_5' title='bbox 831 555 880 616; x_wconf 91' lang='lat' dir='ltr'>L</span> <span class='ocrx_word' id='word_1_6' title='bbox 902 556 931 616; x_wconf 94' lang='lat' dir='ltr'>I</span> <span class='ocrx_word' id='word_1_7' title='bbox 952 556 1009 615; x_wconf 90' lang='lat' dir='ltr'>V</span> <span class='ocrx_word' id='word_1_8' title='bbox 1033 556 1059 616; x_wconf 87' lang='grc' dir='ltr'>Ι</span> 
     </span>
     <span class='ocr_line' id='line_1_2' title="bbox 428 679 1168 729; baseline -0.003 -1"><span class='ocrx_word' id='word_1_9' title='bbox 428 681 527 728; x_wconf 75' lang='lat' dir='ltr'>AB</span> <span class='ocrx_word' id='word_1_10' title='bbox 570 680 774 727; x_wconf 71' lang='lat' dir='ltr'>URBE</span> <span class='ocrx_word' id='word_1_11' title='bbox 816 679 1168 729; x_wconf 73' lang='lat' dir='ltr'>CONDITA</span> 
     </span>
     <span class='ocr_line' id='line_1_3' title="bbox 626 798 978 840; baseline -0.003 -1"><span class='ocrx_word' id='word_1_12' title='bbox 626 799 795 839; x_wconf 77' lang='lat' dir='ltr'>LIBER</span> <span class='ocrx_word' id='word_1_13' title='bbox 834 798 978 840; x_wconf 67' lang='lat' dir='ltr'>XXVI</span> 
     </span>
    </p>
   </div>
   <div class='ocr_carea' id='block_1_2' title="bbox 104 923 1569 2534">
    <p class='ocr_par' dir='ltr' id='par_1_2' title="bbox 104 923 1569 2482">
     <span class='ocr_line' id='line_1_4' title="bbox 161 923 1532 974; baseline -0.001 -10"><span class='ocrx_word' id='word_1_14' title='bbox 161 927 192 964; x_wconf 88' lang='lat' dir='ltr'>I.</span> <span class='ocrx_word' id='word_1_15' title='bbox 231 927 302 964; x_wconf 71' lang='lat' dir='ltr'>Cn.</span> <span class='ocrx_word' id='word_1_16' title='bbox 337 924 510 963; x_wconf 78' lang='lat' dir='ltr'>Fuluius</span> <span class='ocrx_word' id='word_1_17' title='bbox 540 925 797 963; x_wconf 71' lang='lat' dir='ltr'>Centimalus</span> <span class='ocrx_word' id='word_1_18' title='bbox 830 925 875 962; x_wconf 86' lang='lat' dir='ltr'>P.</span> <span class='ocrx_word' id='word_1_19' title='bbox 909 924 1114 974; x_wconf 78' lang='lat' dir='ltr'>Sulpicius</span> <span class='ocrx_word' id='word_1_20' title='bbox 1145 923 1277 963; x_wconf 81' lang='lat' dir='ltr'>Galba</span> <span class='ocrx_word' id='word_1_21' title='bbox 1311 923 1532 962; x_wconf 72' lang='lat' dir='ltr'>consulesl</span> 
     </span>
     <span class='ocr_line' id='line_1_5' title="bbox 105 989 1501 1039; baseline -0.002 -10"><span class='ocrx_word' id='word_1_22' title='bbox 105 1005 199 1030; x_wconf 85' lang='lat' dir='ltr'>cum</span> <span class='ocrx_word' id='word_1_23' title='bbox 226 991 362 1029; x_wconf 87' lang='lat' dir='ltr'>idibus</span> <span class='ocrx_word' id='word_1_24' title='bbox 387 990 546 1028; x_wconf 80' lang='lat' dir='ltr'>Martiis</span> <span class='ocrx_word' id='word_1_25' title='bbox 573 990 863 1039; x_wconf 78' lang='lat' dir='ltr'>magistratum</span> <span class='ocrx_word' id='word_1_26' title='bbox 890 990 1074 1037; x_wconf 72' lang='lat' dir='ltr'>inissent,</span> <span class='ocrx_word' id='word_1_27' title='bbox 1099 991 1240 1028; x_wconf 86' lang='lat' dir='ltr'>senatu</span> <span class='ocrx_word' id='word_1_28' title='bbox 1270 989 1313 1027; x_wconf 93' lang='lat' dir='ltr'>in</span> <span class='ocrx_word' id='word_1_29' title='bbox 1341 989 1501 1038; x_wconf 83' lang='lat' dir='ltr'>Capito-</span> 
     </span>
     <span class='ocr_line' id='line_1_6' title="bbox 104 1054 1501 1105; baseline -0.003 -10"><span class='ocrx_word' id='word_1_30' title='bbox 104 1056 209 1095; x_wconf 84' lang='lat' dir='ltr'>lium</span> <span class='ocrx_word' id='word_1_31' title='bbox 237 1057 379 1094; x_wconf 86' lang='lat' dir='ltr'>uocato</span> <span class='ocrx_word' id='word_1_32' title='bbox 407 1055 456 1093; x_wconf 91' lang='lat' dir='ltr'>de</span> <span class='ocrx_word' id='word_1_33' title='bbox 483 1069 526 1093; x_wconf 89' lang='lat' dir='ltr'>re</span> <span class='ocrx_word' id='word_1_34' title='bbox 553 1055 728 1105; x_wconf 74' lang='lat' dir='ltr'>publica,</span> <span class='ocrx_word' id='word_1_35' title='bbox 753 1055 802 1093; x_wconf 90' lang='lat' dir='ltr'>de</span> <span class='ocrx_word' id='word_1_36' title='bbox 823 1055 1182 1094; x_wconf 69' lang='lat' dir='ltr'>administratione</span> <span class='ocrx_word' id='word_1_37' title='bbox 1208 1054 1318 1102; x_wconf 85' lang='lat' dir='ltr'>belli,</span> <span class='ocrx_word' id='word_1_38' title='bbox 1345 1055 1393 1092; x_wconf 86' lang='lat' dir='ltr'>de</span> <span class='ocrx_word' id='word_1_39' title='bbox 1416 1067 1501 1103; x_wconf 88' lang='lat' dir='ltr'>pro-</span> 
     </span>
     <span class='ocr_line' id='line_1_7' title="bbox 106 1120 1537 1170; baseline 0 -11"><span class='ocrx_word' id='word_1_40' title='bbox 106 1121 253 1160; x_wconf 80' lang='lat' dir='ltr'>uinciis</span> <span class='ocrx_word' id='word_1_41' title='bbox 281 1121 606 1170; x_wconf 76' lang='lat' dir='ltr'>exercitibusque</span> <span class='ocrx_word' id='word_1_42' title='bbox 635 1123 771 1170; x_wconf 81' lang='lat' dir='ltr'>patres</span> <span class='ocrx_word' id='word_1_43' title='bbox 801 1121 1108 1159; x_wconf 83' lang='lat' dir='ltr'>consuluerunt.</span> <span class='ocrx_word' id='word_1_44' title='bbox 1169 1122 1213 1168; x_wconf 82' lang='lat' dir='ltr'>Q.</span> <span class='ocrx_word' id='word_1_45' title='bbox 1244 1120 1393 1158; x_wconf 85' lang='lat' dir='ltr'>Fuluio</span> <span class='ocrx_word' id='word_1_46' title='bbox 1422 1121 1498 1168; x_wconf 75' lang='lat' dir='ltr'>Ap.</span> <span class='ocrx_word' id='word_1_47' title='bbox 1520 1131 1537 1159; x_wconf 81' lang='lat'>2</span> 
     </span>
     <span class='ocr_line' id='line_1_8' title="bbox 107 1185 1504 1236; baseline -0.004 -9"><span class='ocrx_word' id='word_1_48' title='bbox 107 1187 288 1227; x_wconf 83' lang='lat' dir='ltr'>Claudio.</span> <span class='ocrx_word' id='word_1_49' title='bbox 317 1186 463 1235; x_wconf 87' lang='lat' dir='ltr'>prioris</span> <span class='ocrx_word' id='word_1_50' title='bbox 493 1186 590 1224; x_wconf 85' lang='lat' dir='ltr'>anni</span> <span class='ocrx_word' id='word_1_51' title='bbox 620 1186 869 1234; x_wconf 75' lang='lat' dir='ltr'>consulibus,</span> <span class='ocrx_word' id='word_1_52' title='bbox 899 1188 1161 1236; x_wconf 85' lang='lat' dir='ltr'>prorogatum</span> <span class='ocrx_word' id='word_1_53' title='bbox 1192 1185 1415 1235; x_wconf 79' lang='lat' dir='ltr'>imperium</span> <span class='ocrx_word' id='word_1_54' title='bbox 1444 1187 1504 1223; x_wconf 83' lang='lat' dir='ltr'>est</span> 
     </span>
     <span class='ocr_line' id='line_1_9' title="bbox 108 1252 1503 1303; baseline -0.002 -11"><span class='ocrx_word' id='word_1_55' title='bbox 108 1257 229 1303; x_wconf 75' lang='lat' dir='ltr'>atque</span> <span class='ocrx_word' id='word_1_56' title='bbox 256 1253 468 1299; x_wconf 81' lang='lat' dir='ltr'>exercitus,</span> <span class='ocrx_word' id='word_1_57' title='bbox 503 1266 606 1301; x_wconf 79' lang='lat' dir='ltr'>quos</span> <span class='ocrx_word' id='word_1_58' title='bbox 635 1253 852 1300; x_wconf 80' lang='lat' dir='ltr'>habebant,</span> <span class='ocrx_word' id='word_1_59' title='bbox 886 1252 1037 1290; x_wconf 86' lang='lat' dir='ltr'>decreti</span> <span class='ocrx_word' id='word_1_60' title='bbox 1070 1253 1367 1301; x_wconf 70' lang='lat' dir='ltr'>adiectumque,</span> <span class='ocrx_word' id='word_1_61' title='bbox 1402 1265 1451 1288; x_wconf 88' lang='lat' dir='ltr'>ne</span> <span class='ocrx_word' id='word_1_62' title='bbox 1481 1265 1503 1289; x_wconf 90' lang='lat' dir='ltr'>a</span> 
     </span>
     <span class='ocr_line' id='line_1_10' title="bbox 108 1317 1506 1370; baseline -0.004 -11"><span class='ocrx_word' id='word_1_63' title='bbox 108 1321 255 1370; x_wconf 84' lang='lat' dir='ltr'>Capua,</span> <span class='ocrx_word' id='word_1_64' title='bbox 279 1332 403 1368; x_wconf 75' lang='lat' dir='ltr'>quam</span> <span class='ocrx_word' id='word_1_65' title='bbox 425 1318 678 1365; x_wconf 74' lang='lat' dir='ltr'>obsidebant,</span> <span class='ocrx_word' id='word_1_66' title='bbox 704 1317 967 1356; x_wconf 78' lang='lat' dir='ltr'>abscederent</span> <span class='ocrx_word' id='word_1_67' title='bbox 994 1318 1108 1368; x_wconf 83' lang='lat' dir='ltr'>prius</span> <span class='ocrx_word' id='word_1_68' title='bbox 1133 1331 1256 1367; x_wconf 81' lang='lat' dir='ltr'>quam</span> <span class='ocrx_word' id='word_1_69' title='bbox 1281 1330 1506 1367; x_wconf 81' lang='lat' dir='ltr'>expugnas-</span> 
     </span>
     <span class='ocr_line' id='line_1_11' title="bbox 109 1383 1540 1430; baseline -0.001 -7"><span class='ocrx_word' id='word_1_70' title='bbox 109 1388 210 1425; x_wconf 79' lang='lat' dir='ltr'>sent.</span> <span class='ocrx_word' id='word_1_71' title='bbox 270 1399 317 1423; x_wconf 83' lang='lat' dir='ltr'>ea</span> <span class='ocrx_word' id='word_1_72' title='bbox 337 1386 426 1422; x_wconf 89' lang='lat' dir='ltr'>tum</span> <span class='ocrx_word' id='word_1_73' title='bbox 447 1396 541 1421; x_wconf 86' lang='lat' dir='ltr'>cura</span> <span class='ocrx_word' id='word_1_74' title='bbox 567 1383 746 1421; x_wconf 81' lang='lat' dir='ltr'>maxime</span> <span class='ocrx_word' id='word_1_75' title='bbox 770 1384 954 1422; x_wconf 77' lang='lat' dir='ltr'>intentos</span> <span class='ocrx_word' id='word_1_76' title='bbox 978 1384 1153 1422; x_wconf 86' lang='lat' dir='ltr'>habebat</span> <span class='ocrx_word' id='word_1_77' title='bbox 1178 1384 1398 1430; x_wconf 37' lang='lat' dir='ltr'>Romanoa</span> <span class='ocrx_word' id='word_1_78' title='bbox 1423 1395 1503 1420; x_wconf 89' lang='lat' dir='ltr'>non</span> <span class='ocrx_word' id='word_1_79' title='bbox 1523 1394 1540 1421; x_wconf 75' lang='grc'>3</span> 
     </span>
     <span class='ocr_line' id='line_1_12' title="bbox 109 1447 1507 1498; baseline -0.004 -9"><span class='ocrx_word' id='word_1_80' title='bbox 109 1451 158 1489; x_wconf 85' lang='lat' dir='ltr'>ab</span> <span class='ocrx_word' id='word_1_81' title='bbox 188 1451 246 1489; x_wconf 87' lang='lat' dir='ltr'>ira</span> <span class='ocrx_word' id='word_1_82' title='bbox 276 1451 453 1488; x_wconf 84' lang='lat' dir='ltr'>tantum.</span> <span class='ocrx_word' id='word_1_83' title='bbox 488 1463 590 1498; x_wconf 78' lang='lat' dir='ltr'>quae</span> <span class='ocrx_word' id='word_1_84' title='bbox 621 1450 663 1487; x_wconf 90' lang='lat' dir='ltr'>in</span> <span class='ocrx_word' id='word_1_85' title='bbox 697 1448 855 1486; x_wconf 86' lang='lat' dir='ltr'>nullam</span> <span class='ocrx_word' id='word_1_86' title='bbox 888 1463 1087 1498; x_wconf 72' lang='lat' dir='ltr'>umquam</span> <span class='ocrx_word' id='word_1_87' title='bbox 1117 1449 1330 1487; x_wconf 84' lang='lat' dir='ltr'>ciuitatem</span> <span class='ocrx_word' id='word_1_88' title='bbox 1361 1447 1507 1485; x_wconf 79' lang='lat' dir='ltr'>iustior</span> 
     </span>
     <span class='ocr_line' id='line_1_13' title="bbox 110 1513 1539 1566; baseline -0.003 -11"><span class='ocrx_word' id='word_1_89' title='bbox 110 1517 199 1563; x_wconf 85' lang='lat' dir='ltr'>fuit,</span> <span class='ocrx_word' id='word_1_90' title='bbox 223 1529 346 1566; x_wconf 83' lang='lat' dir='ltr'>quam</span> <span class='ocrx_word' id='word_1_91' title='bbox 368 1514 475 1564; x_wconf 77' lang='lat' dir='ltr'>quod</span> <span class='ocrx_word' id='word_1_92' title='bbox 498 1514 596 1552; x_wconf 73' lang='lat' dir='ltr'>urbs</span> <span class='ocrx_word' id='word_1_93' title='bbox 617 1516 702 1552; x_wconf 85' lang='lat' dir='ltr'>tam</span> <span class='ocrx_word' id='word_1_94' title='bbox 724 1514 875 1552; x_wconf 78' lang='lat' dir='ltr'>nobilis</span> <span class='ocrx_word' id='word_1_95' title='bbox 899 1529 942 1552; x_wconf 87' lang='lat' dir='ltr'>ac</span> <span class='ocrx_word' id='word_1_96' title='bbox 967 1517 1122 1564; x_wconf 75' lang='lat' dir='ltr'>potens,</span> <span class='ocrx_word' id='word_1_97' title='bbox 1146 1514 1251 1552; x_wconf 63' lang='lat' dir='ltr'>sicut</span> <span class='ocrx_word' id='word_1_98' title='bbox 1280 1513 1506 1551; x_wconf 74' lang='lat' dir='ltr'>defectione</span> <span class='ocrx_word' id='word_1_99' title='bbox 1524 1523 1539 1550; x_wconf 76' lang='grc'><strong><em>4</em></strong></span> 
     </span>
     <span class='ocr_line' id='line_1_14' title="bbox 110 1580 1508 1630; baseline -0.004 -9"><span class='ocrx_word' id='word_1_100' title='bbox 110 1596 183 1621; x_wconf 80' lang='lat' dir='ltr'>sua</span> <span class='ocrx_word' id='word_1_101' title='bbox 212 1583 391 1619; x_wconf 76' lang='lat' dir='ltr'>traxerat</span> <span class='ocrx_word' id='word_1_102' title='bbox 420 1580 575 1629; x_wconf 73' lang='lat' dir='ltr'>aliquot</span> <span class='ocrx_word' id='word_1_103' title='bbox 605 1580 786 1629; x_wconf 59' lang='lat' dir='ltr'>populos,</span> <span class='ocrx_word' id='word_1_104' title='bbox 821 1581 875 1617; x_wconf 86' lang='lat' dir='ltr'>ita</span> <span class='ocrx_word' id='word_1_105' title='bbox 904 1583 1061 1630; x_wconf 81' lang='lat' dir='ltr'>recepta</span> <span class='ocrx_word' id='word_1_106' title='bbox 1089 1580 1338 1618; x_wconf 74' lang='lat' dir='ltr'>inclinatura</span> <span class='ocrx_word' id='word_1_107' title='bbox 1367 1592 1508 1617; x_wconf 57' lang='lat' dir='ltr'>rursus</span> 
     </span>
     <span class='ocr_line' id='line_1_15' title="bbox 110 1645 1543 1695; baseline -0.001 -11"><span class='ocrx_word' id='word_1_108' title='bbox 110 1647 269 1684; x_wconf 74' lang='lat' dir='ltr'>animos</span> <span class='ocrx_word' id='word_1_109' title='bbox 304 1645 521 1684; x_wconf 80' lang='lat' dir='ltr'>uidebatur</span> <span class='ocrx_word' id='word_1_110' title='bbox 551 1645 601 1683; x_wconf 87' lang='lat' dir='ltr'>ad</span> <span class='ocrx_word' id='word_1_111' title='bbox 638 1645 788 1683; x_wconf 62' lang='lat' dir='ltr'>ueteris</span> <span class='ocrx_word' id='word_1_112' title='bbox 822 1646 986 1695; x_wconf 87' lang='lat' dir='ltr'>imperii</span> <span class='ocrx_word' id='word_1_113' title='bbox 1020 1648 1263 1695; x_wconf 74' lang='lat' dir='ltr'>respectum.</span> <span class='ocrx_word' id='word_1_114' title='bbox 1324 1647 1365 1683; x_wconf 86' lang='lat' dir='ltr'>et</span> <span class='ocrx_word' id='word_1_115' title='bbox 1400 1654 1543 1694; x_wconf 78' lang='lat' dir='ltr'>prae-5</span> 
     </span>
     <span class='ocr_line' id='line_1_16' title="bbox 112 1710 1508 1760; baseline -0.002 -11"><span class='ocrx_word' id='word_1_116' title='bbox 112 1711 268 1749; x_wconf 83' lang='lat' dir='ltr'>toribus</span> <span class='ocrx_word' id='word_1_117' title='bbox 297 1710 441 1760; x_wconf 86' lang='lat' dir='ltr'>prioris</span> <span class='ocrx_word' id='word_1_118' title='bbox 471 1710 582 1749; x_wconf 85' lang='lat' dir='ltr'>anni.</span> <span class='ocrx_word' id='word_1_119' title='bbox 612 1710 666 1748; x_wconf 85' lang='lat' dir='ltr'>M.</span> <span class='ocrx_word' id='word_1_120' title='bbox 696 1711 817 1748; x_wconf 86' lang='lat' dir='ltr'>Iunio</span> <span class='ocrx_word' id='word_1_121' title='bbox 847 1711 889 1748; x_wconf 85' lang='lat' dir='ltr'>in</span> <span class='ocrx_word' id='word_1_122' title='bbox 920 1711 1097 1758; x_wconf 75' lang='lat' dir='ltr'>Etruria,</span> <span class='ocrx_word' id='word_1_123' title='bbox 1124 1710 1169 1749; x_wconf 89' lang='lat' dir='ltr'>P.</span> <span class='ocrx_word' id='word_1_124' title='bbox 1193 1710 1436 1760; x_wconf 83' lang='lat' dir='ltr'>Sempronio</span> <span class='ocrx_word' id='word_1_125' title='bbox 1465 1710 1508 1747; x_wconf 89' lang='lat' dir='ltr'>in</span> 
     </span>
     <span class='ocr_line' id='line_1_17' title="bbox 113 1775 1511 1826; baseline -0.002 -11"><span class='ocrx_word' id='word_1_126' title='bbox 113 1777 256 1823; x_wconf 81' lang='lat' dir='ltr'>Gallia,</span> <span class='ocrx_word' id='word_1_127' title='bbox 277 1790 370 1814; x_wconf 84' lang='lat' dir='ltr'>cum</span> <span class='ocrx_word' id='word_1_128' title='bbox 392 1776 501 1813; x_wconf 70' lang='lat' dir='ltr'>binis</span> <span class='ocrx_word' id='word_1_129' title='bbox 521 1775 764 1825; x_wconf 72' lang='lat' dir='ltr'>legionibus,</span> <span class='ocrx_word' id='word_1_130' title='bbox 786 1790 884 1825; x_wconf 77' lang='lat' dir='ltr'>quas</span> <span class='ocrx_word' id='word_1_131' title='bbox 905 1777 1143 1823; x_wconf 71' lang='lat' dir='ltr'>habuerant,</span> <span class='ocrx_word' id='word_1_132' title='bbox 1163 1778 1426 1826; x_wconf 84' lang='lat' dir='ltr'>prorogatum</span> <span class='ocrx_word' id='word_1_133' title='bbox 1448 1776 1511 1813; x_wconf 85' lang='lat' dir='ltr'>est</span> 
     </span>
     <span class='ocr_line' id='line_1_18' title="bbox 113 1841 1545 1892; baseline -0.003 -12"><span class='ocrx_word' id='word_1_134' title='bbox 113 1842 360 1892; x_wconf 86' lang='lat' dir='ltr'>imperium:</span> <span class='ocrx_word' id='word_1_135' title='bbox 399 1844 663 1891; x_wconf 84' lang='lat' dir='ltr'>prorogatum</span> <span class='ocrx_word' id='word_1_136' title='bbox 693 1844 732 1879; x_wconf 89' lang='lat' dir='ltr'>et</span> <span class='ocrx_word' id='word_1_137' title='bbox 765 1842 816 1879; x_wconf 83' lang='lat' dir='ltr'>M.</span> <span class='ocrx_word' id='word_1_138' title='bbox 850 1842 1052 1880; x_wconf 87' lang='lat' dir='ltr'>Marcello.</span> <span class='ocrx_word' id='word_1_139' title='bbox 1088 1844 1131 1880; x_wconf 81' lang='lat' dir='ltr'>ut</span> <span class='ocrx_word' id='word_1_140' title='bbox 1167 1856 1240 1892; x_wconf 86' lang='lat' dir='ltr'>pro</span> <span class='ocrx_word' id='word_1_141' title='bbox 1271 1841 1438 1880; x_wconf 88' lang='lat' dir='ltr'>consule</span> <span class='ocrx_word' id='word_1_142' title='bbox 1468 1841 1509 1877; x_wconf 92' lang='lat' dir='ltr'>in</span> <span class='ocrx_word' id='word_1_143' title='bbox 1528 1851 1545 1876; x_wconf 69' lang='lat' dir='ltr'>s»</span> 
     </span>
     <span class='ocr_line' id='line_1_19' title="bbox 114 1906 1544 1957; baseline -0.001 -12"><span class='ocrx_word' id='word_1_144' title='bbox 114 1907 253 1946; x_wconf 69' lang='lat' dir='ltr'>Sicilia</span> <span class='ocrx_word' id='word_1_145' title='bbox 273 1907 429 1957; x_wconf 83' lang='lat' dir='ltr'>reliqua</span> <span class='ocrx_word' id='word_1_146' title='bbox 453 1907 551 1945; x_wconf 89' lang='lat' dir='ltr'>belli</span> <span class='ocrx_word' id='word_1_147' title='bbox 576 1908 790 1956; x_wconf 83' lang='lat' dir='ltr'>perficeret</span> <span class='ocrx_word' id='word_1_148' title='bbox 812 1921 859 1945; x_wconf 87' lang='lat' dir='ltr'>eo</span> <span class='ocrx_word' id='word_1_149' title='bbox 884 1907 1077 1955; x_wconf 70' lang='lat' dir='ltr'>exercitu,</span> <span class='ocrx_word' id='word_1_150' title='bbox 1102 1921 1225 1957; x_wconf 75' lang='lat' dir='ltr'>quem</span> <span class='ocrx_word' id='word_1_151' title='bbox 1252 1908 1443 1953; x_wconf 81' lang='lat' dir='ltr'>haberet3</span> <span class='ocrx_word' id='word_1_152' title='bbox 1476 1906 1511 1943; x_wconf 66' lang='lat' dir='ltr'>si</span> <span class='ocrx_word' id='word_1_153' title='bbox 1528 1916 1544 1943; x_wconf 78' lang='grc' dir='ltr'>Τ</span> 
     </span>
     <span class='ocr_line' id='line_1_20' title="bbox 115 1972 1511 2023; baseline -0.001 -12"><span class='ocrx_word' id='word_1_154' title='bbox 115 1973 404 2023; x_wconf 81' lang='lat' dir='ltr'>supplemento</span> <span class='ocrx_word' id='word_1_155' title='bbox 443 1986 544 2022; x_wconf 80' lang='lat' dir='ltr'>opus</span> <span class='ocrx_word' id='word_1_156' title='bbox 582 1974 698 2019; x_wconf 84' lang='lat' dir='ltr'>esset,</span> <span class='ocrx_word' id='word_1_157' title='bbox 741 1972 949 2022; x_wconf 76' lang='lat' dir='ltr'>suppleret</span> <span class='ocrx_word' id='word_1_158' title='bbox 988 1973 1037 2011; x_wconf 92' lang='lat' dir='ltr'>de</span> <span class='ocrx_word' id='word_1_159' title='bbox 1077 1973 1317 2023; x_wconf 70' lang='lat' dir='ltr'>legionibus,</span> <span class='ocrx_word' id='word_1_160' title='bbox 1362 1973 1511 2022; x_wconf 69' lang='lat' dir='ltr'>quibus</span> 
     </span>
     <span class='ocr_line' id='line_1_21' title="bbox 116 2038 1547 2088; baseline -0.002 -11"><span class='ocrx_word' id='word_1_161' title='bbox 116 2039 161 2077; x_wconf 91' lang='lat' dir='ltr'>P.</span> <span class='ocrx_word' id='word_1_162' title='bbox 189 2038 404 2078; x_wconf 77' lang='lat' dir='ltr'>Cornelius</span> <span class='ocrx_word' id='word_1_163' title='bbox 433 2039 671 2087; x_wconf 76' lang='lat' dir='ltr'>propraetor</span> <span class='ocrx_word' id='word_1_164' title='bbox 701 2038 743 2076; x_wconf 93' lang='lat' dir='ltr'>in</span> <span class='ocrx_word' id='word_1_165' title='bbox 775 2038 911 2076; x_wconf 79' lang='lat' dir='ltr'>Sicilia</span> <span class='ocrx_word' id='word_1_166' title='bbox 939 2042 1151 2088; x_wconf 72' lang='lat' dir='ltr'>praeesset,</span> <span class='ocrx_word' id='word_1_167' title='bbox 1183 2039 1283 2076; x_wconf 86' lang='lat' dir='ltr'>dum</span> <span class='ocrx_word' id='word_1_168' title='bbox 1312 2050 1362 2076; x_wconf 89' lang='lat' dir='ltr'>ne</span> <span class='ocrx_word' id='word_1_169' title='bbox 1388 2051 1511 2087; x_wconf 84' lang='lat' dir='ltr'>quem</span> <span class='ocrx_word' id='word_1_170' title='bbox 1530 2047 1547 2073; x_wconf 70' lang='lat' dir='ltr'>S</span> 
     </span>
     <span class='ocr_line' id='line_1_22' title="bbox 117 2103 1512 2154; baseline -0.002 -12"><span class='ocrx_word' id='word_1_171' title='bbox 117 2104 294 2142; x_wconf 86' lang='lat' dir='ltr'>militem</span> <span class='ocrx_word' id='word_1_172' title='bbox 325 2104 475 2153; x_wconf 84' lang='lat' dir='ltr'>legeret</span> <span class='ocrx_word' id='word_1_173' title='bbox 505 2117 555 2141; x_wconf 77' lang='lat' dir='ltr'>ex</span> <span class='ocrx_word' id='word_1_174' title='bbox 587 2117 634 2141; x_wconf 88' lang='lat' dir='ltr'>eo</span> <span class='ocrx_word' id='word_1_175' title='bbox 667 2116 851 2150; x_wconf 86' lang='lat' dir='ltr'>numero,</span> <span class='ocrx_word' id='word_1_176' title='bbox 885 2105 1036 2154; x_wconf 71' lang='lat' dir='ltr'>quibus</span> <span class='ocrx_word' id='word_1_177' title='bbox 1071 2107 1239 2143; x_wconf 75' lang='lat' dir='ltr'>senatus</span> <span class='ocrx_word' id='word_1_178' title='bbox 1273 2103 1512 2142; x_wconf 72' lang='lat' dir='ltr'>missionem</span> 
     </span>
     <span class='ocr_line' id='line_1_23' title="bbox 118 2168 1548 2219; baseline -0.004 -11"><span class='ocrx_word' id='word_1_179' title='bbox 118 2169 375 2219; x_wconf 80' lang='lat' dir='ltr'>reditumque</span> <span class='ocrx_word' id='word_1_180' title='bbox 403 2168 447 2207; x_wconf 90' lang='lat' dir='ltr'>in</span> <span class='ocrx_word' id='word_1_181' title='bbox 478 2169 654 2218; x_wconf 85' lang='lat' dir='ltr'>patriam</span> <span class='ocrx_word' id='word_1_182' title='bbox 686 2172 873 2219; x_wconf 71' lang='lat' dir='ltr'>negasset</span> <span class='ocrx_word' id='word_1_183' title='bbox 903 2172 998 2208; x_wconf 86' lang='lat' dir='ltr'>ante</span> <span class='ocrx_word' id='word_1_184' title='bbox 1027 2170 1125 2208; x_wconf 88' lang='lat' dir='ltr'>belli</span> <span class='ocrx_word' id='word_1_185' title='bbox 1155 2172 1294 2209; x_wconf 84' lang='lat' dir='ltr'>finem.</span> <span class='ocrx_word' id='word_1_186' title='bbox 1355 2171 1397 2208; x_wconf 82' lang='lat' dir='ltr'>C.</span> <span class='ocrx_word' id='word_1_187' title='bbox 1425 2168 1513 2206; x_wconf 75' lang='lat' dir='ltr'>Sul·</span> <span class='ocrx_word' id='word_1_188' title='bbox 1531 2176 1548 2202; x_wconf 71' lang='lat' dir='ltr'>s)</span> 
     </span>
     <span class='ocr_line' id='line_1_24' title="bbox 118 2234 1516 2285; baseline -0.002 -12"><span class='ocrx_word' id='word_1_189' title='bbox 118 2235 232 2285; x_wconf 81' lang='lat' dir='ltr'>picio,</span> <span class='ocrx_word' id='word_1_190' title='bbox 261 2235 327 2272; x_wconf 87' lang='lat' dir='ltr'>cui</span> <span class='ocrx_word' id='word_1_191' title='bbox 354 2234 493 2272; x_wconf 80' lang='lat' dir='ltr'>Sicilia</span> <span class='ocrx_word' id='word_1_192' title='bbox 517 2237 724 2283; x_wconf 87' lang='lat' dir='ltr'>euenerat,</span> <span class='ocrx_word' id='word_1_193' title='bbox 750 2235 854 2273; x_wconf 89' lang='lat' dir='ltr'>duae</span> <span class='ocrx_word' id='word_1_194' title='bbox 882 2235 1073 2285; x_wconf 70' lang='lat' dir='ltr'>legiones,</span> <span class='ocrx_word' id='word_1_195' title='bbox 1102 2249 1203 2285; x_wconf 77' lang='lat' dir='ltr'>quas</span> <span class='ocrx_word' id='word_1_196' title='bbox 1229 2235 1275 2273; x_wconf 88' lang='lat' dir='ltr'>P.</span> <span class='ocrx_word' id='word_1_197' title='bbox 1300 2234 1516 2274; x_wconf 81' lang='lat' dir='ltr'>Cornelius</span> 
     </span>
     <span class='ocr_line' id='line_1_25' title="bbox 119 2299 1512 2350; baseline -0.001 -12"><span class='ocrx_word' id='word_1_198' title='bbox 119 2300 341 2348; x_wconf 80' lang='lat' dir='ltr'>habuisset,</span> <span class='ocrx_word' id='word_1_199' title='bbox 365 2300 546 2338; x_wconf 87' lang='lat' dir='ltr'>decretae</span> <span class='ocrx_word' id='word_1_200' title='bbox 567 2302 607 2338; x_wconf 89' lang='lat' dir='ltr'>et</span> <span class='ocrx_word' id='word_1_201' title='bbox 626 2301 963 2350; x_wconf 85' lang='lat' dir='ltr'>supplementum</span> <span class='ocrx_word' id='word_1_202' title='bbox 988 2301 1037 2339; x_wconf 88' lang='lat' dir='ltr'>de</span> <span class='ocrx_word' id='word_1_203' title='bbox 1062 2301 1242 2339; x_wconf 87' lang='lat' dir='ltr'>exercitu</span> <span class='ocrx_word' id='word_1_204' title='bbox 1264 2302 1337 2340; x_wconf 85' lang='lat' dir='ltr'>Cn.</span> <span class='ocrx_word' id='word_1_205' title='bbox 1363 2299 1512 2344; x_wconf 77' lang='lat' dir='ltr'>Fuluii,</span> 
     </span>
     <span class='ocr_line' id='line_1_26' title="bbox 119 2365 1569 2417; baseline -0.002 -14"><span class='ocrx_word' id='word_1_206' title='bbox 119 2366 190 2416; x_wconf 85' lang='lat' dir='ltr'>qui</span> <span class='ocrx_word' id='word_1_207' title='bbox 210 2366 344 2416; x_wconf 87' lang='lat' dir='ltr'>priore</span> <span class='ocrx_word' id='word_1_208' title='bbox 360 2379 468 2404; x_wconf 88' lang='lat' dir='ltr'>anno</span> <span class='ocrx_word' id='word_1_209' title='bbox 483 2366 527 2404; x_wconf 90' lang='lat' dir='ltr'>in</span> <span class='ocrx_word' id='word_1_210' title='bbox 543 2366 696 2416; x_wconf 82' lang='lat' dir='ltr'>Apulia</span> <span class='ocrx_word' id='word_1_211' title='bbox 715 2367 831 2405; x_wconf 88' lang='lat' dir='ltr'>foede</span> <span class='ocrx_word' id='word_1_212' title='bbox 852 2380 993 2405; x_wconf 80' lang='lat' dir='ltr'>caesus</span> <span class='ocrx_word' id='word_1_213' title='bbox 1013 2368 1261 2417; x_wconf 76' lang='lat' dir='ltr'>fugatusque</span> <span class='ocrx_word' id='word_1_214' title='bbox 1282 2368 1378 2404; x_wconf 83' lang='lat' dir='ltr'>erat</span> <span class='ocrx_word' id='word_1_215' title='bbox 1420 2365 1514 2403; x_wconf 87' lang='lat' dir='ltr'>huic</span> <span class='ocrx_word' id='word_1_216' title='bbox 1535 2372 1569 2399; x_wconf 76' lang='lat'>10</span> 
     </span>
     <span class='ocr_line' id='line_1_27' title="bbox 120 2431 1514 2482; baseline -0.002 -12"><span class='ocrx_word' id='word_1_217' title='bbox 120 2432 257 2481; x_wconf 80' lang='lat' dir='ltr'>generi</span> <span class='ocrx_word' id='word_1_218' title='bbox 289 2431 473 2470; x_wconf 88' lang='lat' dir='ltr'>militum</span> <span class='ocrx_word' id='word_1_219' title='bbox 503 2435 671 2471; x_wconf 82' lang='lat' dir='ltr'>senat-us</span> <span class='ocrx_word' id='word_1_220' title='bbox 700 2433 877 2470; x_wconf 78' lang='lat' dir='ltr'>eundem</span> <span class='ocrx_word' id='word_1_221' title='bbox 913 2447 1032 2482; x_wconf 76' lang='lat' dir='ltr'>quem</span> <span class='ocrx_word' id='word_1_222' title='bbox 1066 2431 1354 2471; x_wconf 67' lang='lat' dir='ltr'>Cannensibus</span> <span class='ocrx_word' id='word_1_223' title='bbox 1388 2431 1514 2468; x_wconf 86' lang='lat' dir='ltr'>finem</span> 
     </span>
    </p>

    <p class='ocr_par' dir='ltr' id='par_1_3' title="bbox 808 2511 828 2534">
     <span class='ocr_line' id='line_1_28' title="bbox 808 2511 828 2534; baseline -0.05 0"><span class='ocrx_word' id='word_1_224' title='bbox 808 2511 828 2534; x_wconf 78' lang='lat' dir='ltr'>u</span> 
     </span>
    </p>
   </div>
  </div>
 </body>
</html>
